3006 4874
221 345 265 412 88
524 394 528 406 .
567 354 615 406 ns
638 354 669 402 o.
694 351 811 400 rursrr
837 349 977 399 eurora

223 506 400 580 extitisset,
418 503 629 588 prenomine,
652 521 692 566 uo
710 500 840 566 nomine
855 499 1023 572 assumtis,
1038 516 1099 580 pro
1114 495 1310 578 cognomino

223 607 361 690 antiquo
385 625 448 672 suo
473 603 605 670 nomine
629 605 825 670 utebantur:
849 598 1099 669 consuetudinis
1120 597 1310 680 exemplum

225 708 264 776 O.
277 706 442 774 Asianum
457 706 678 772 Philoxenum
691 705 799 770 haheo
813 705 896 770 inter
917 702 1191 767 Novocomenses
1206 717 1311 774 meos,

225 808 267 872 de
290 826 358 891 quo
385 807 435 872 sic
457 804 575 872 Oicero
590 807 702 889 Epist.
716 806 777 870 lib.
789 821 871 871 xrrr.
882 803 926 869 ad
937 802 1087 868 Acilium
1100 820 1118 892 :¹
1129 804 1140 835 ‘
1152 799 1193 866 C.
1207 797 1313 862 Avia·

224 927 303 972 num
326 906 547 972 Philoxenum
573 905 689 974 Ooeser
711 925 788 970 meo
811 903 975 970 beneficio
988 905 1023 968 in
1038 901 1312 968 Novocomenses

224 1006 346 1074 rotulit.
380 1006 513 1072 Nomen
529 1013 640 1072 autern
657 1004 783 1072 Avieni
798 1011 1066 1081 consecutusest,
1081 1001 1313 1086 quodhomine

223 1107 316 1172 nullo
336 1106 414 1189 plus
432 1125 513 1172 usus
525 1113 586 1183 est,
600 1125 699 1192 quem
717 1107 841 1173 Flacco
855 1103 989 1172 Avieno
1003 1124 1080 1170 meo
1098 1102 1314 1170 familiarissi-

224 1207 302 1274 mo!
349 1208 429 1273 Huc
460 1217 590 1290 spectat
618 1209 711 1292 quod
736 1208 891 1292 Epistola
916 1208 1071 1290 sequenti
1096 1204 1140 1272 ad
1161 1203 1313 1280 eunden,

224 1309 312 1376 idem
330 1309 468 1378 scribit:
492 1309 594 1376 ‘Cum
621 1310 791 1375 Demetrio
806 1309 911 1392 Mega
923 1309 1003 1377 mibi
1017 1313 1188 1372 vetustum
1200 1306 1312 1389 hospi·

224 1409 307 1475 tium
334 1415 396 1474 est.
442 1409 482 1474 Ei
507 1410 687 1475 Dolabella
706 1415 825 1492 rogatu
839 1429 914 1476 meo
929 1410 1101 1474 civitatem
1114 1407 1313 1491 impetravit,

225 1529 293 1592 qua
307 1511 342 1574 in
357 1530 393 1576 re
409 1530 472 1592 ego
487 1510 635 1575 interlui.
673 1511 793 1596 Itaque
807 1528 893 1574 nuuc
908 1509 950 1575 P.
964 1509 1139 1602 Ooruelius
1153 1503 1313 1573 vocatur!

266 1611 344 1678 Jam
359 1612 482 1689 liberti,
497 1629 585 1695 quos
601 1612 719 1677 ultimo
731 1613 807 1676 loco
816 1612 1085 1688 commemoravi,
1100 1610 1207 1693 petris
1226 1609 1314 1685 loco,

225 1710 323 1792 cujus
337 1713 445 1778 liberti
469 1720 590 1790 essent,
612 1713 645 1776 in
665 1712 938 1795 inscriptionibus
954 1713 1116 1792 habuere3
1133 1710 1314 1795 quodcum

225 1812 337 1878 multis
353 1813 520 1896 exemplis
535 1812 752 1879 demonstrari
767 1814 886 1894 possit,
908 1833 1011 1878 unum
1035 1832 1095 1896 pro
1120 1811 1237 1881 multis
1262 1817 1316 1874 sat

225 1913 287 1978 erit
300 1913 462 1989 attulisse,
478 1916 568 1998 qood
583 1915 726 1999 plurium
741 1913 936 1983 libertorum
952 1914 1151 1980 mentionem
1166 1912 1314 1978 continet

227 2013 261 2078 lu
275 2014 361 2082 hunc
377 2016 531 2082 modumz
1132 2022 1138 2032 ·
1246 2035 1249 2040 ·

228 2179 261 2225 L.
285 2178 505 2231 nsufls'rWS.
526 2179 586 2229 ΟΝ.
613 2181 643 2227 P.
663 2179 754 2227 Hos.
778 2179 961 2228 SAROVLO.
982 2177 1315 2227 summumve

228 2279 422 2329 nsulsum.
440 2281 475 2329 L.
492 2281 524 2327 L.
540 2282 690 2329 PLV'l'lA.
708 2280 834 2328 RVPlA.
858 2263 893 2326 P·
911 2282 942 2327 p,
962 2280 1115 2327 TERTIA·
1132 2278 1264 2328 SOROR.
1281 2279 1314 2326 1..

228 2379 447 2430 swl'ltsulvs.
465 2381 496 2428 L.
514 2379 747 2441 munusculo·
765 2381 797 2427 1..
814 2380 1028 2429 ANPlS'l'lVSl
1040 2381 1073 2428 L.
1091 2381 1124 2428 L.
1142 2379 1271 2427 RVFVS.
1283 2381 1316 2427 L.

228 2480 439 2530 uuuts'rlvs
454 2483 485 2528 L·
501 2485 534 2530 O.
546 2483 579 2528 L.
591 2482 814 2532 ullumve.
832 2484 864 2530 L.
882 2481 1094 2530 Ansls'llvs.
1107 2482 1139 2528 L·
1155 2481 1188 2529 O·
1201 2483 1232 2528 L.
1248 2483 1316 2529 AN-

228 2557 339 2628 PHVS.
358 2580 618 2630 1..su'rtsu1vs.
637 2583 671 2632 L.
690 2584 721 2630 L.
738 2582 873 2632 Hunos.
889 2583 1103 2631 CAPPADOX.

250 2769 252 2776 ,
270 2711 326 2778 Ex
343 2713 496 2780 omnibus
517 2733 558 2780 ac
583 2723 653 2780 tam
668 2716 791 2794 multis,
805 2735 846 2779 ne
860 2716 992 2797 longius
1007 2716 1174 2796 digressus
1190 2711 1315 2784 videar,

226 2820 261 2876 et
285 2815 330 2878 ab
354 2814 507 2882 instituto
532 2836 668 2900 prorsus
694 2817 882 2893 divertisse,
903 2817 1026 2900 colligo
1041 2815 1083 2882 ad
1099 2815 1243 2880 Plinium
1257 2814 1317 2879 Se·

226 2914 365 2991 uiorem,
389 2917 447 2999 qui
472 2917 637 2984 Romanis
651 2937 718 2984 nou
734 2919 955 3001 imperaverit,
970 2937 1036 2982 non
1051 2917 1152 2982 luerit
1164 2915 1315 2986 libertus,

207 3015 281 3084 ,vel
302 3015 336 3078 in
351 3015 521 3082 civitatem
542 3036 649 3101 nuper
670 3020 804 3096 relatus,
822 3019 1074 3103 Inscriptiouem
1089 3017 1316 3084 Veronensum

227 3121 429 3182 testamento
452 3118 522 3184 lieri
544 3119 688 3202 jussam,
708 3139 775 3187 nou
799 3121 986 3204 pertinere;
1008 3119 1051 3183 ‹le
1066 3138 1145 3203 que,
1158 3120 1317 3201 uupstris

227 3218 426 3284 mentionem
439 3217 571 3296 babeat,
587 3220 722 3288 dubium
738 3228 801 3298 est,
817 3229 852 3288 et
865 3222 1042 3286 habentem
1057 3227 1167 3286 tumen
1189 3239 1319 3304 proeno·

228 3336 304 3382 meu
319 3317 426 3396 deest,
439 3339 505 3385 non
520 3321 603 3386 vitio
622 3323 797 3388 vetustatis
809 3324 990 3400 subletum,
1015 3322 1074 3388 sed
1093 3323 1179 3398 loco,
1204 3323 1248 3400 (si
1266 3323 1318 3388 in-

228 3419 420 3500 scriptionis
439 3420 580 3488 formem
592 3424 689 3492 nobis
706 3442 728 3488 a
744 3423 909 3490 Ponvinio
922 3423 1106 3492 exhibitam
1120 3425 1318 3506 spectaveri-

228 3521 330 3595 mus,)
345 3521 377 3582 in
391 3540 458 3603 quo
472 3522 615 3589 incisum
631 3531 731 3603 esset,
747 3525 932 3603 deficiente,
946 3526 1036 3590 sicut
1045 3526 1146 3590 etiem
1162 3525 1195 3588 in
1208 3525 1316 3604 initio,

229 3617 287 3681 ubi
302 3616 342 3681 O.
358 3618 398 3681 F.
414 3626 472 3684 eut
498 3641 572 3685 oum
600 3623 669 3688 alio
692 3628 898 3708 praenomine
919 3627 981 3708 legi
1004 3627 1161 3711 potuerit.
1206 3626 1251 3690 Et
1275 3645 1317 3694 ne

230 3719 435 3800 quarundam
449 3720 712 3806 Inscriptlonum
727 3727 906 3810 exemplis,
921 3730 1045 3812 quibus
1060 3744 1162 3812 quam
1177 3727 1317 3794 dixerim

229 3819 323 3888 aliter
343 3821 559 3888 observatum
582 3824 744 3904 videatur,
768 3827 934 3910 quispiam
956 3829 1133 3903 adductus,
1146 3847 1200 3894 rue
1215 3828 1317 3912 qussi

228 3918 397 3990 lulserium
413 3931 449 3988 et
463 3924 574 3988 animo
587 3925 758 3994 obstinato
772 3929 888 4009 magis,
897 3946 1000 4010 quarn
1010 3928 1079 3993 veri
1095 3928 1249 3994 studioso
1263 3928 1315 3998 is·

227 4019 325 4186 baem
340 4025 642 4094 comminiscentem
658 4035 813 4094 accuset:
836 4028 868 4092 id
884 4047 1016 4112 quoque
1035 4026 1179 4112 adjicere
1202 4031 1312 4104 visum

229 4139 267 4184 es
283 4164 291 4184 .
