3056 4878
274 441 339 508 396
637 444 812 496 ermon
836 440 1000 492 secuntur

275 601 366 665 dium
380 595 527 680 prodidit
542 615 551 658 ε
575 597 585 627 ‘
602 592 652 657 lis
667 590 751 674 ipsis
765 586 916 651 ludorum
938 599 1089 647 meorum
1104 574 1246 642 diebus⁶
1270 573 1361 638 sidua

276 701 426 765 crinitum
441 717 499 778 per
520 700 646 778 septem
660 692 731 756 dies
747 691 780 754 iu
793 688 926 770 regione
942 683 1032 760 coeli,
1048 699 1125 764 quae
1141 679 1205 741 sub
1220 679 1362 759 septem·

276 800 437 866 trionibus
451 803 514 873 est,
525 801 752 878 conspectum.
797 789 838 852 ld
849 789 1014 851 oriebatur
1029 783 1119 847 circa
1133 777 1362 842 undecimam·

276 901 391 964 horam
414 899 492 974 diei,
516 897 706 977 clarumque
733 901 766 956 et
790 890 940 954 omnibus
963 906 982 949 e
1005 883 1118 948 terris⁷
1141 879 1362 962 conspicuum

276 999 348 1063 tuit.
392 999 444 1062 Eo
466 995 595 1061 sidere⁸
618 993 798 1077 significari
819 991 936 1072 vulgus
957 984 1111 1060 credidit,
1127 981 1272 1045 Caesaris
1295 979 1363 1042 uni·

277 1119 365 1164 mam
392 1101 477 1162 iuter
498 1097 649 1162 Deorum
669 1093 904 1159 immortalium
927 1089 1063 1153 numina
1084 1089 1276 1165 receptum,
1295 1097 1362 1162 quo

278 1200 411 1264 nomine
424 1198 459 1262 id
474 1199 601 1280 insigne
617 1195 795 1260 simulacro
810 1192 931 1275 capitis
945 1189 1029 1273 ejirs,
1040 1185 1132 1270 quod
1146 1203 1228 1247 rnox
1243 1182 1279 1246 in
1291 1183 1363 1244 soro

279 1300 556 1374 consecravimus,
572 1297 739 1381 adjectum
763 1292 835 1358 est?
879 1290 969 1355 Haec
984 1288 1041 1353 ille
1062 1287 1096 1350 in
1118 1282 1304 1366 publicum,
1317 1280 1365 1342 in·

280 1402 400 1465 teriore
422 1400 543 1483 gaudio
558 1399 624 1464 sibi
639 1398 733 1462 illum
751 1403 879 1470 uatum,
900 1410 1005 1474 aeque
1017 1390 1051 1453 in
1072 1405 1113 1450 eo
1127 1373 1250 1448 irasciv
1269 1382 1365 1446 inter·

279 1507 426 1584 pietatus
439 1506 509 1580 est;
531 1507 576 1576 et,
591 1500 620 1562 si
635 1516 748 1561 verum
769 1495 932 1568 latemur,⁹
955 1490 1102 1555 salutare
1118 1485 1151 1550 id
1174 1483 1271 1548 terris
1293 1480 1364 1545 init.

282 1601 367 1664 Sunt
386 1599 444 1682 qui
470 1606 504 1663 et
524 1598 626 1663 haeo'
647 1597 756 1662 sidera
782 1601 945 1679 perpetua
965 1609 1041 1654 esse
1065 1587 1214 1662 credant,
1237 1600 1366 1665 suoque

731 1773 913 1794 WMONO

283 1875 408 1930 Pintiani.
424 1876 529 1923 iaderam
539 1889 618 1924 corana
629 1874 768 1924 datu-r
785 1873 828 1922 ita
840 1869 924 1921 cirini.
936 1868 1064 1920 Harduin.
1075 1871 1098 1915 1.
1110 1869 1134 1914 2.
1146 1868 1171 1914 t.
1185 1862 1292 1923 Bipout.
1308 1858 1367 1908 Mii-

283 1941 374 1990 tenet
393 1940 484 1988 Franz.
503 1939 607 1987 omaiiaa
626 1939 705 1997 terrie,
723 1939 813 1987 ouriaaa
833 1935 1024 2000 propositione,
1044 1931 1104 1980 Ald.
1115 1929 1187 1980 Jnnt.
1200 1926 1277 1976 Baeii.
1289 1923 1369 1986 lugd.

283 2005 384 2053 Eraanr.
401 2003 490 2052 ilaleo.
502 2003 584 2066 Lugii.
598 2006 670 2051 lotio.
688 2002 744 2052 Eia.
756 2009 783 2050 et
793 2003 957 2050 Gronau—8
975 1997 1089 2057 liooigao
1101 1993 1160 2041 edd.
1173 1989 1289 2052 quedam
1305 1995 1368 2035 vett.

284 2076 344 2118 ante
356 2067 550 2118 Gelonium-tt
567 2067 631 2118 cod·
641 2068 733 2117 Dalee.
743 2071 771 2116 at
784 2064 1066 2124 mosaicorum-1⁰
1082 2057 1125 2108 ita
1143 2052 1229 2106 Ciriss.
1244 2053 1369 2102 editiones

774 2211 880 2264 NO'i'AE

285 2308 424 2372 pertinere,
439 2320 489 2355 non
507 2306 540 2356 ad
556 2308 721 2357 Valerianum
733 2307 808 2356 Vale·
880 2313 896 2338 1
912 2303 976 2354 Seni
985 2301 1026 2366 qai
1039 2305 1063 2350 et
1073 2297 1134 2360 loe]
1151 2296 1370 2360 Pythagoreorum

285 2383 349 2431 riani
362 2383 428 2444 Aug.
440 2396 472 2430 ex
489 2383 573 2445 priore
590 2383 699 2446 conjuge
710 2381 808 2431 lilium!
848 2381 904 2428 here
925 2378 1012 2441 opinio
1033 2375 1093 2438 init,
1111 2381 1180 2423 teate
1200 2372 1311 2424 Galeno,
1331 2368 1371 2417 vel

286 2458 334 2506 Ed.
347 2471 393 2505 aee.
850 2452 962 2517 quiaquia
985 2459 1074 2501 auctor
1100 2456 1141 2498 eat
1163 2446 1222 2495 libri
1244 2447 1276 2494 de
1303 2443 1371 2493 liiat.

317 2533 325 2564 1
341 2531 550 2596 Ancorarium]
570 2531 591 2580 A
609 2533 679 2584 tutto
697 2534 809 2584 cmm.
849 2528 947 2577 Philon.
966 2541 1024 2590 oap.
1036 2530 1076 2575 18.
1095 2540 1120 2588 p.
1131 2527 1172 2573 10.
1191 2528 1294 2571 tomrr.
1312 2520 1371 2567 aiio·

286 2607 313 2657 1·
325 2607 391 2655 enim
404 2608 478 2669 panto
494 2618 554 2656 anre
565 2608 662 2658 abirom
674 2611 809 2671 collegium
850 2616 967 2666 rumque,
976 2614 1081 2666 qnorum
1090 2600 1188 2648 Seneca
1196 2595 1313 2645 uteminit
1321 2595 1372 2642 Na·

286 2683 325 2730 iria
348 2681 414 2731 ludio
435 2680 560 2732 feriendis
576 2684 733 2746 instituerat,
751 2700 810 2735 eon·
850 2685 900 2726 tur·
919 2667 1018 2728 0111111·
1037 2678 1142 2724 iii-1⁹·
1163 2675 1257 2736 11911·
1290 2671 1370 2720 0111111

286 2756 357 2807 fecto
373 2757 483 2806 Venerio
503 2760 607 2822 templo.
645 2760 811 2810 lioadeinde
851 2756 877 2804 iu
900 2752 1053 2803 tententiarn
1074 2751 1150 2814 plane
1176 2744 1297 2796 concedit
1318 2746 1373 2808 ipae

286 2835 360 2884 ludoa
380 2835 432 2883 ania
454 2835 583 2884 oumtibua
603 2837 733 2899 Auguatna
756 2837 812 2901 ipae
851 2842 909 2891 oap-
919 2831 960 2877 22.
981 2833 1009 2875 et
1030 2829 1071 2874 21.
1092 2838 1118 2887 p.
1134 2827 1191 2872 1121.
1224 2819 1293 2870 Fieri
1312 2833 1371 2868 aene

287 2909 379 2970 edidit,
398 2922 446 2957 non
465 2915 519 2957 tarn
535 2909 561 2957 in
578 2911 696 2974 collegio,
714 2919 744 2960 nt
758 2911 811 2960 Pli-
851 2909 938 2968 potent
949 2909 978 2952 ut
989 2900 1055 2949 idem
1068 2893 1373 2949 eometareeurratideu-

287 2986 344 3033 niue
356 2985 402 3038 ait,
413 2999 489 3048 quam
503 2999 549 3046 pro
561 2986 678 3048 collegio,
690 2993 719 3036 ut
731 2985 812 3035 refert
852 2980 942 3040 tidem,
959 2976 1061 3027 tametsi
1079 2987 1153 3023 nenro
1175 2973 1200 3020 id
1218 2969 1373 3019 animadver-

287 3058 373 3110 Jnliua
384 3057 547 3120 Obreqnena,
564 3072 623 3120 cap.
635 3064 691 3109 128.
703 3075 761 3124 pag.
771 3065 811 3110 7ο.
853 3061 905 3104 tat:
925 3053 965 3101 vei
977 3052 1035 3116 quia
1045 3049 1092 3100 nub
1106 3046 1258 3111 crepuscula
1267 3045 1373 3094 reverti·

288 3135 327 3184 Μ.
339 3133 461 3194 Antonio,
469 3133 498 3182 Ρ.
509 3134 645 3184 Dolabella
655 3136 728 3186 Cosa.
745 3137 812 3186 Vide
852 3138 910 3190 tor,
920 3128 962 3176 rei
972 3128 1033 3192 quia
1041 3127 1139 3175 nitente
1150 3121 1242 3178 canda,
1252 3133 1373 3185 quaecum

289 3209 366 3258 etiam
378 3208 486 3258 Dionem
498 3207 543 3256 lib.
555 3221 620 3260 xiv.
636 3224 696 3273 pag.
707 3213 763 3260 272.
853 3203 948 3266 arepioa
960 3202 1055 3266 prodit,
1066 3209 1092 3250 et
1104 3198 1232 3249 nebuloaia
1244 3196 1321 3245 radiia
1329 3195 1373 3243 de-

321 3291 334 3316 1
354 3281 515 3345 Undecimum]
534 3282 593 3332 Hoc
611 3292 661 3348 ert,
679 3286 741 3335 irora
757 3285 813 3336 fere
853 3280 976 3330 atitultnr.
1007 3278 1050 3327 Sic
1061 3283 1159 3327 cometa
1172 3289 1187 3322 a
1199 3275 1231 3323 P.
1243 3273 1373 3333 Pontaney

289 3361 391 3423 integra
402 3357 540 3407 anteSoiia
556 3373 684 3409 oceanum.
717 3361 813 3413 ‘Quod
854 3354 1007 3417 inCoilegio
1025 3361 1114 3401 nortio
1129 3349 1268 3400 Paririeuri
1285 3347 1374 3410 depre-

290 3435 384 3486 tieiude
392 3431 473 3493 addit,
482 3432 608 3483 creditum
617 3436 695 3499 vulgo
704 3435 813 3485 Cereri·
852 3431 943 3479 henan·
954 3437 995 3478 eet
1006 3428 1032 3476 iu
1044 3428 1156 3476 Eridano
1174 3425 1258 3474 cauda
1268 3423 1374 3473 deatitu·

290 3512 400 3560 animant
417 3509 485 3556 inter
500 3511 615 3559 Deorum
632 3511 813 3560 immortalium
854 3519 904 3571 tut,
927 3509 969 3572 qni
988 3507 1094 3555 aliorum
1113 3502 1274 3567 diligentiam
1293 3502 1375 3550 elutit.

291 3585 393 3635 nomina
405 3589 546 3647 receptam,
563 3599 594 3634 eo
614 3586 727 3648 pertinet
743 3599 814 3635 nunr-
855 3583 987 3634 condatur
1008 3581 1086 3630 etiam
1109 3579 1177 3628 vitun
1199 3594 1214 3627 a
1234 3577 1307 3627 nobia
1325 3584 1376 3627 tota

291 3675 347 3709 runa
359 3657 575 3721 iuscriptua,nrv1
587 3674 652 3710 rvnr.
669 3661 742 3723 enjua
758 3677 815 3711 reo·
855 3660 911 3710 iere
937 3667 1024 3720 noete,
1047 3671 1103 3722 qne
1123 3659 1163 3704 21.
1182 3653 1292 3717 Angnrti
1311 3653 1374 3702 dieat

292 3736 373 3786 tentia
385 3735 440 3782 nen
453 3739 508 3781 eat:
524 3735 625 3784 ‘Diona
643 3736 753 3786 Jnnetoa
764 3739 815 3786 Ve·
856 3735 1003 3796 antecoenit,
1027 3746 1092 3781 anuo
1112 3733 1186 3779 1682.
1226 3730 1262 3778 Et
1280 3728 1376 3778 Seneca

292 3811 348 3862 ueri
360 3808 505 3870 imperator
514 3810 621 3861 surana.¹
643 3810 736 3875 Neque
748 3812 816 3861 enirn
855 3816 905 3863 loc.
920 3814 967 3862 nit.
982 3825 1038 3874 cap.
1048 3813 1089 3858 211.
1102 3808 1194 3856 multoe
1205 3815 1319 3855 eoroetm
1330 3820 1377 3854 non

293 3888 394 3939 nomina
406 3884 560 3948 Principum,
573 3889 599 3936 in
611 3889 720 3936 nummia
732 3887 817 3939 Latini
857 3888 937 3937 videri
959 3887 1006 3948 ait,
1028 3883 1095 3948 quod
1117 3882 1285 3932 obeenrantnr
1303 3881 1377 3930 rediit

292 3967 419 4030 oeriprere
439 3972 464 4019 in
482 3961 603 4027 gignendi
634 3977 708 4030 raon:
734 3971 760 4013 et
778 3971 818 4014 eat
858 3956 1379 4025 Solio:‘quodefieiente,'inquit,‘quen·

295 4055 361 4094 rrnr.
373 4059 419 4107 pro
430 4045 527 4096 ‘Julian
535 4039 552 4088 :’
562 4048 589 4087 ut
598 4051 679 4088 castr.
687 4039 817 4102 prn‘Car·
858 4039 917 4087 daur
935 4044 1062 4086 cometem
1080 4033 1238 4096 apparuisse,
1251 4047 1328 4096 qoem
1338 4033 1379 4082 Sol

295 4117 366 4174 aina'
379 4129 406 4169 et
420 4123 545 4170 tercenta
555 4113 665 4163 aimilia.'
680 4115 728 4164 Ed.
739 4129 784 4166 aee.
858 4114 957 4163 vieinna
966 4113 1112 4170 obtexerat,
1120 4105 1274 4156 Poridonina
1286 4107 1381 4156 tradiit

327 4197 338 4224 1
356 4192 385 4240 la
403 4209 429 4242 eo
445 4191 520 4255 mci]
540 4189 701 4238 Felicitatem
712 4205 783 4240 anam
793 4191 819 4240 in
859 4189 934 4238 Anno
951 4190 1023 4236 1177.
1042 4184 1122 4233 visum
1134 4189 1261 4232 oometero
1274 4183 1380 4232 Baoeina

296 4279 335 4330 eo,
346 4267 530 4331 imperiumque
541 4261 670 4328 portendi.
859 4262 939 4314 refert
953 4263 979 4313 iu
996 4259 1153 4311 Annalibuat
1168 4273 1235 4308 anno
1252 4261 1325 4308 1577.
1339 4258 1380 4310 olr-
