3016 4876
467 397 600 446 nncrro
624 400 650 447 ι.
675 398 787 448 renni
812 399 995 450 crunnum.
1230 388 1274 452 83

225 535 296 600 Sed
306 538 350 602 ad
361 538 469 624 ripam
481 542 605 608 Benaci
616 544 788 627 antiquum
799 545 966 628 ejusmodi
980 565 1199 612 marmoream
1206 549 1273 614 Ta·

184 637 302 702 hulam
317 647 432 704 extum
447 643 586 708 scribit:

348 749 437 807 'suxi
455 759 615 807 nrn'rrnro
632 761 717 810 ssx.
732 763 762 809 r.
780 763 861 810 nnn.
877 763 925 810 vr.
944 763 1021 812 vra.
1037 765 1120 812 nvc.

458 860 625 908 omniurn
642 862 742 909 vene
763 863 808 909 an
827 863 1003 912 suovrrnn

561 961 700 1010 nannai
726 963 900 1012 nrrssrnro.

232 1040 273 1105 In
294 1041 368 1122 ipsa
391 1061 521 1125 quoque
544 1047 625 1110 urbe
650 1048 792 1111 similem
807 1049 1034 1114 secundorum
1050 1054 1191 1134 spectari
1207 1071 1274 1115 rue·

186 1159 339 1206 monam.

333 1299 336 1312 .
425 1261 459 1306 ι..
474 1261 631 1311 sonum
659 1263 691 1310 u.
706 1265 736 1312 n.
752 1263 944 1313 snovnovs
963 1267 1043 1315 ene.

573 1361 786 1410 nicrnnnsrs
809 1363 894 1412 sini.

381 1459 581 1510 envcorrrnr
616 1464 649 1509 n.
686 1465 718 1509 r.
753 1463 917 1512 unxina
953 1465 1085 1512 vxcnr.

232 1541 323 1621 Quid
338 1544 428 1627 quod
450 1546 485 1608 in
506 1565 586 1627 agro
601 1547 804 1630 Polynelano
825 1547 980 1613 dioecesis
996 1545 1200 1614 Veronensis
1214 1551 1276 1614 Se-

189 1644 372 1708 cundomm
397 1649 608 1727 cognationis
634 1649 758 1730 insigne
780 1656 1022 1713 monumentum
1046 1652 1276 1714 observatione

189 1743 322 1908 digrlilurp
336 1746 371 1807 in
385 1745 519 1828 lapidee
534 1748 651 1814 tabule
665 1749 865 1831 insculptum
879 1749 973 1814 affert
988 1751 1171 1826 Pentheus,
1184 1749 1274 1833 quod

190 1844 239 1907 ite
275 1864 294 1908 a
318 1851 376 1908 et:
507 1901 512 1909 .

456 1963 675 2012 onnrvnurn
697 1965 727 2012 c.
744 1965 777 2012 n.
795 1939 925 2014 rnincn
941 1967 1013 2014 erni

386 2063 433 2110 uu
459 2065 491 2124 n.
514 2065 733 2114 cnnrvnnuc
751 2067 954 2125 Qvnonnno
974 2067 1085 2114 ruunt

421 2163 596 2214 vennam
620 2167 652 2213 c.
675 2165 707 2212 n.
729 2165 909 2215 sncvnom
932 2168 1052 2215 neunt

436 2265 470 2310 n.
482 2267 700 2314 onnevnnro
718 2265 881 2314 evonant
899 2267 1038 2316 nnnnnr

618 2367 653 2411 v.
672 2367 750 2415 vin.
766 2366 852 2413 nvo.

237 2449 277 2514 In
298 2436 363 2513 hoc
385 2469 486 2532 porro
507 2452 753 2534 Epigrammate
770 2450 936 2514 Valeriam
952 2449 1138 2514 Secundam
1157 2449 1280 2516 (3.1)Ιί-

192 2549 240 2610 nii
249 2548 509 2620 Seniorisfiliam
518 2551 622 2614 fuisse
636 2551 766 2626 usserit,
776 2569 852 2632 quae
865 2551 904 2614 L.
913 2549 1096 2633 Calpurnio
1105 2550 1279 2628 Quadrato

193 2647 295 2713 filiam
311 2652 474 2732 pepererit
487 2648 704 2734 Calpurniam
719 2651 870 2715 Priscam
882 2650 1028 2714 lenioris
1048 2650 1149 2713 Plinii
1164 2669 1283 2715 conso*

193 2749 335 2826 bduam,
350 2751 393 2814 ad
404 2769 504 2833 quam
515 2753 603 2815 binae
612 2751 760 2834 eiusdem
772 2752 876 2815 literae
888 2752 1023 2833 scriptae
1033 2751 1196 2831 leguntur,
1206 2769 1283 2826 uua,

193 2868 261 2931 qua
269 2853 482 2933 conqueritur
490 2853 532 2916 de
541 2851 731 2936 Calpurniae
742 2870 877 2914 secessu
888 2850 1159 2932 incampauiam,
1166 2850 1283 2927 altera,

194 2968 263 3032 que
275 2949 466 3033 Calpurniae
480 2951 582 3015 literis
603 2951 794 3034 respondet.
815 2951 911 3034 cujus
929 2951 971 3014 ad
991 2955 1115 3034 patrem
1132 2948 1284 3027 Quadra·

196 3056 269 3112 tum
284 3050 399 3115 alterna
414 3051 490 3116 duae
507 3052 611 3115 Plinii
624 3051 646 3114 J
650 3051 776 3114 unionis
791 3050 954 3134 Epistola
970 3056 1101 3128 entant,
1116 3069 1183 3113 una
1196 3050 1283 3114 libro

173 3166 246 3222 Ivi.
273 3151 377 3214 altera
399 3152 485 3214 libro
513 3167 567 3214 rx.
609 3153 764 3234 Denique
788 3153 989 3234 triumphum
1004 3151 1105 3214 *canit
1130 3149 1286 3233 sequenti

196 3249 292 3314 titulo
307 3252 342 3314 in
357 3251 430 3316 sade
444 3253 488 3317 D.
504 3253 612 3317 Blasii
623 3253 769 3328 invento,
783 3253 870 3336 quod
885 3253 934 3316 it'a
946 3252 1080 3334 legitur:

310 3371 312 3376 ·
426 3369 577 3416 ruinius
594 3370 782 3418 sscvuuvs
800 3369 926 3417 nvcvn
943 3371 1054 3417 ra'rnr

414 3469 535 3516 nunni
570 3468 787 3517 nuncnunc
821 3469 1072 3517 descensuro

614 3569 715 3618 niani
741 3569 873 3618 ivssll'.

241 3651 321 3717 Hoc
342 3652 424 3716 nihil
440 3653 541 3717 videri
562 3657 674 3738 potest
690 3653 732 3716 ad
750 3653 892 3718 Panthei
913 3653 1073 3736 placitum
1090 3649 1286 3716 conflrman-

196 3753 289 3832 dum,
305 3761 338 3818 et
352 3753 520 3836 querelam
542 3763 688 3820 nonnam
709 3755 959 3837 opprimendam
981 3755 1093 3838 aptius
1107 3749 1285 3815 desiderari

198 3855 365 3938 potuisse,
388 3873 489 3936 quam
509 3862 545 3918 ut
565 3855 694 3920 Plinius
716 3855 862 3921 Verona
882 3857 980 3940 patri,
1000 3861 1034 3918 et
1055 3853 1151 3918 matri
1171 3869 1287 3915 monu-

197 3961 339 4020 mentum
354 3956 434 4036 erigi
449 3959 643 4020 testamento
653 3955 802 4038 jusserit.

242 4055 297 4118 Ex
311 4056 452 4120 adverso
471 4043 745 4123 Novocomenses
762 4057 828 4121 mei
842 4075 879 4120 se
895 4073 1053 4138 suamque
1067 4071 1203 4120 causam
1218 4071 1286 4118 non

198 4157 385 4234 deseruere,
418 4173 559 4239 quorum
586 4160 744 4242 princeps
775 4157 980 4234 Benedictus
1003 4155 1125 4220 Jorius
1153 4155 1285 4234 Latine,

264 4273 351 4336 Delplr.
360 4277 384 4321 et
396 4271 454 4322 Ver.
466 4275 530 4324 cur.
695 4274 799 4323 Plinius.
1197 4273 1219 4321 C
