3006 4874
438 423 571 472 nncrro
596 425 635 472 rr.
660 427 773 474 erunt
800 428 983 475 creantur.
1190 415 1252 480 101

166 562 267 649 lrujus
284 564 492 630 Dioscuridis
509 567 567 630 niti
581 567 792 644 auctoritate,
804 588 873 651 quo
884 575 1029 651 ternpore
1042 589 1116 634 curn
1127 571 1253 653 primus

168 666 211 730 de
227 667 378 731 Historia
393 665 548 731 Naturali
564 667 694 732 Plinius
710 669 856 736 scribere
871 679 1125 752 aggressusest,
1139 673 1254 756 vulga·

168 769 214 832 tis
221 768 294 853 jam
309 769 351 833 de
367 768 510 833 Materia
526 769 664 835 Medica
685 772 780 834 libris
804 791 826 834 a
837 772 1051 850 Dioscorida,
1066 792 1110 836 ex
1131 773 1253 855 quibus

166 877 330 954 promtum
346 870 458 936 Plinio
472 871 537 936 suit
553 872 800 947 Dioscoridcm,
815 892 881 936 non
898 873 1091 939 Dioscoridi
1108 874 1253 940 Plinium

168 973 400 1050 transcribere,
415 972 491 1036 hino
503 973 780 1057 criminareliqua
792 974 933 1056 pendent
948 975 1095 1057 ejusdem
1111 975 1252 1042 inscitiae

168 1080 269 1157 atque
282 1073 501 1156 negligentiae.
544 1073 610 1138 Sed
625 1075 659 1139 in
678 1075 782 1139 altero
803 1095 877 1138 cum
896 1095 988 1159 saepe
1010 1075 1254 1158 delinquamus,

167 1194 233 1240 non
247 1181 357 1240 tamen
371 1176 470 1241 facile
485 1175 531 1254 fit,
544 1181 582 1239 ut
595 1177 744 1240 volentes
757 1177 1000 1259 delinquamus,
1015 1186 1115 1259 atque
1129 1196 1254 1244 coser-

167 1295 260 1342 rores
289 1281 544 1354 committamus,
575 1296 659 1358 quos
683 1278 858 1343 rescientes
883 1278 1091 1343 commisisse
1116 1280 1254 1358 doleat;

168 1396 405 1460 nonnunquam
420 1397 554 1462 quoque
576 1378 785 1460 negligentes
806 1380 898 1444 nulla
916 1389 1032 1444 nostra
1047 1381 1147 1465 culpa
1161 1384 1254 1448 vide·

167 1497 252 1557 mur,
268 1480 348 1561 quia
361 1478 536 1559 diligentes
550 1499 626 1543 esse
641 1498 706 1542 non
721 1481 904 1560 potuimus,
922 1500 990 1544 non
1011 1483 1092 1564 quia
1111 1482 1255 1548 uolueri-

167 1600 241 1644 mus
263 1599 350 1644 esse.
395 1579 463 1644 Sed
477 1579 613 1657 furtum,
637 1589 940 1665 quantumcumque
963 1590 1026 1660 est,
1051 1592 1158 1649 totum
1181 1587 1254 1670 ejus

167 1690 232 1759 est,
246 1681 305 1765 qui
319 1681 532 1758 commiserit,
545 1683 668 1746 nullam
684 1683 717 1744 in
731 1701 772 1746 eo
786 1692 914 1766 partem
930 1684 1032 1750 habet
1046 1687 1255 1777 negligentia,

168 1783 288 1848 nullam
303 1783 486 1860 inscientia,
501 1803 562 1848 nec
575 1785 751 1867 quisquam
772 1789 830 1849 aut
844 1805 905 1867 per
919 1788 1153 1871 negligentiam
1167 1790 1255 1855 sura·

167 1890 231 1959 tur,
246 1891 302 1948 aut
315 1885 450 1963 invitus,
464 1885 528 1948 nisi
539 1886 699 1950 violentia
713 1887 817 1966 illata,
831 1906 931 1970 quam
945 1908 1041 1953 nemo
1056 1889 1086 1953 ei
1103 1889 1208 1969 infert,
1221 1893 1255 1959 in

168 1984 266 2068 cujus
288 1986 507 2062 commodum,
521 2005 587 2052 uon
612 2007 709 2052 suurn
731 1989 774 2052 sit
792 1990 845 2053 vis
863 1989 1096 2055 redundatura.
1140 1990 1255 2069 Quare

167 2087 328 2151 orationis
347 2092 469 2153 nostrae
492 2089 640 2155 maxima
659 2109 737 2172 pars
757 2091 792 2153 in
808 2093 1059 2169 accusabitur,
1081 2099 1117 2157 ut
1131 2093 1255 2176 objecti

169 2186 280 2252 Plinio
291 2188 390 2272 hujus
400 2189 545 2253 criminis
554 2189 729 2254 falsitatem
741 2199 893 2274 apertam
904 2193 1079 2270 iaciamus,
1090 2193 1165 2276 ejus
1174 2196 1258 2259 inte-

168 2293 323 2372 gritatem
338 2290 566 2368 ostendamus,
583 2297 619 2354 et
633 2291 855 2356 innocentiam
878 2299 1037 2370 tueamur,
1050 2311 1155 2376 neque
1176 2297 1257 2360 tanti
1276 2311 1280 2320 ·

167 2391 230 2455 viri
244 2391 391 2469 laudem,
407 2390 554 2472 gloriam,
569 2395 602 2454 et
616 2392 898 2456 existimationem
913 2393 1021 2457 aliena
1036 2392 1148 2476 culpa,
1163 2395 1255 2476 igno·

167 2494 360 2574 rationeque
376 2500 571 2575 temporum,
585 2492 713 2557 diutius
729 2494 833 2557 obteri
846 2498 949 2577 atque
961 2495 1133 2560 obscurari
1145 2497 1257 2578 patia-

168 2613 250 2658 mur.
294 2593 443 2657 Primum
458 2592 558 2669 enirn,
574 2613 640 2676 quo
653 2592 873 2676 Imperatores
885 2593 1106 2669 exercituum,
1122 2615 1189 2678 que
1199 2596 1257 2680 ju-

167 2696 212 2761 ris
226 2695 376 2766 consulti,
390 2695 510 2758 medici
527 2695 678 2778 inprimis
690 2694 847 2778 praesidio
860 2715 952 2778 saepe
966 2703 1103 2761 utuntur
1112 2697 1148 2761 iu
1158 2699 1256 2763 rebus

169 2796 322 2860 obscuris
332 2795 536 2878 judicandis,
550 2803 583 2860 et
598 2797 740 2860 consilio
756 2797 912 2860 indubiis
927 2797 1099 2879 capiendo,
1114 2799 1179 2863 boc
1192 2819 1255 2882 ego

169 2903 203 2961 iu
217 2898 279 2963 bac
295 2915 399 2961 causa
414 2895 640 2996 adhibendum
648 2897 775 2979 putavi,
787 2902 823 2960 ut
835 2896 1038 2980 conjecturis
1054 2899 1257 2980 quibusdam

168 3000 304 3065 minime
317 2999 448 3062 levibns
463 2999 633 3062 veritatem
648 2997 870 3080 explorarem,
885 3005 918 3062 et
932 3018 976 3062 ex
987 2997 1086 3064 Plinii
1100 3001 1257 3079 moribus,

169 3119 318 3184 persona,
332 3105 366 3161 et
386 3098 459 3182 ejus
474 3098 518 3162 ad
531 3118 630 3182 quem
646 3099 816 3163 scribebat
830 3097 1000 3180 dignitate,
1014 3099 1056 3164 de
1070 3099 1258 3166 innocentia

170 3207 423 3282 argumentarer-
467 3199 504 3263 Si
526 3201 599 3282 quis
623 3200 710 3264 euim
726 3199 798 3265 odit
816 3200 949 3276 furtum,
963 3209 998 3264 et
1013 3201 1048 3264 in
1063 3221 1098 3264 re
1112 3201 1258 3265 literaria
1293 3205 1300 3216 '

169 3303 287 3384 ingrati
311 3301 412 3364 animi
437 3299 571 3383 culpam
590 3308 763 3366 aversatus
784 3309 846 3377 est,
861 3301 892 3364 is
913 3301 992 3365 milri
1006 3302 1138 3366 videtur
1150 3301 1256 3367 fuisse

170 3403 301 3485 Plinius
316 3409 440 3479 noster,
455 3403 512 3484 qui
528 3401 582 3465 vel
595 3402 742 3480 minima,
754 3421 829 3485 quae
844 3421 939 3464 nemo
954 3421 1138 3485 suppresso
1153 3422 1257 3486 quan·

170 3519 270 3588 quam
286 3504 432 3586 exempli
449 3511 587 3566 auctore
602 3503 685 3566 vitio
700 3502 797 3566 fuerit
817 3501 1035 3584 ascriptores,
1057 3503 1163 3571 voluit
1178 3523 1259 3568 oon·

172 3615 270 3683 stare,
285 3623 408 3687 exque
423 3604 645 3667 desumsisset.
679 3603 759 3667 Hoc
769 3602 894 3666 tactum
906 3608 968 3679 est,
979 3610 1014 3668 ut
1028 3619 1163 3669 neutum
1178 3625 1257 3670 auc·

171 3709 308 3786 toribus,
322 3725 408 3790 quos
425 3725 467 3770 ex
483 3705 614 3770 duobus
638 3725 743 3789 prope
765 3705 912 3769 millibus
934 3707 1191 3788 probatissimos
1205 3726 1257 3770 se·
1308 3779 1315 3790 ¹

171 3809 319 3892 legisset,
334 3815 421 3891 opus
437 3805 619 3870 universum
635 3806 671 3870 in
683 3805 880 3891 praefatione
895 3815 1070 3891 acceptum
1086 3807 1256 3874 retuleritr

170 3928 230 3975 nec
244 3910 327 3973 satis
342 3909 408 3974 hoc
423 3927 497 3972 esse
515 3910 695 3974 arbitratus
721 3908 765 3974 ad
785 3909 887 3972 animi
907 3910 961 3973 sui
978 3911 1022 3974 ab
1036 3909 1125 3973 omni
1140 3908 1254 3973 fraude

171 4012 270 4077 alieni
286 4009 531 4092 simplieitatem
547 4009 844 4086 demonstrandam,
854 3999 940 4093 quos
950 4029 995 4073 ex
1010 4011 1128 4092 quibus
1141 4019 1256 4074 aucto·

168 4117 263 4179 ribus
280 4112 409 4178 Ietinis
422 4116 480 4176 aut
500 4112 647 4176 externis
661 4113 762 4176 libros
782 4113 983 4195 accepisset,
998 4110 1090 4193 quod
1105 4111 1164 4194 qui
1180 4119 1253 4178 aute

169 4215 317 4281 Plinium
341 4213 468 4291 lecerit,
491 4213 607 4280 nescio
628 4233 827 4299 quenquam,
849 4212 1039 4278 nominatim
1069 4215 1256 4295 proposuit,
