3016 4876
471 393 609 442 suerro
629 394 651 442 r.
677 395 789 442 rauar
815 394 998 444 croanrnr.
1235 381 1278 446 et

189 532 395 614 videbimini,
411 535 469 618 qai
485 535 630 600 maxime
650 537 827 618 prudenter
845 539 887 602 de
911 537 1007 602 rebus
1029 539 1182 603 omnibns
1198 539 1280 604 deli·

189 635 309 700 berane
331 639 567 702 consuevistis.
611 637 683 719 Ego
704 658 792 716 vero,
808 642 835 703 si
858 640 946 723 quod
969 640 1061 704 aliud
1080 641 1279 719 inconsulte,

189 735 257 800 hoc
269 740 414 802 maxime
424 759 508 803 onus
524 746 644 804 temere
660 741 853 824 suscepisse
863 740 1053 823 judicabor,
1069 761 1112 805 ex
1127 761 1194 825 quo
1204 762 1280 826 per-

191 838 338 919 spicitis,
353 845 389 902 nt
408 840 471 905 lroc
492 840 613 916 dicam,
629 860 696 905 non
715 848 782 905 tam
807 860 916 906 meam
939 861 1074 906 cansam
1098 845 1280 925 postolare,

191 957 293 1020 qnam
315 947 438 1018 vestra,
453 947 490 1005 ut
504 961 546 1004 ne
563 942 597 1006 id
617 943 730 1025 ipsum
751 943 920 1018 reticeam,
934 944 1101 1008 interesse.
1145 946 1200 1010 De
1222 965 1282 1029 pa·

190 1041 265 1106 triae
278 1061 357 1106 voro
373 1042 475 1106 Plinii
489 1043 642 1108 habendo
658 1063 809 1108 sermone
824 1046 871 1108 ita
887 1047 1087 1122 statuebam,
1102 1052 1160 1110 ant
1181 1047 1212 1110 si
1231 1055 1281 1112 ta·

192 1161 315 1217 cerem,
331 1149 445 1206 contra
458 1153 603 1208 veterem
614 1145 898 1222 consuetudinem,
913 1164 955 1210 ac
971 1153 1087 1210 contra
1107 1147 1280 1230 pristinum

192 1243 285 1307 illurn
301 1231 497 1307 continuata
510 1250 558 1309 tot
578 1246 778 1309 saeculorum
798 1246 1035 1310 observatione
1057 1248 1280 1311 confirmatum

193 1345 412 1425 interpretum
425 1363 550 1409 morem
570 1365 647 1410 esse
665 1365 718 1410 me
739 1345 926 1426 sacturom3
956 1355 1016 1410 out
1036 1348 1063 1409 si
1086 1349 1281 1430 abantiquo

192 1444 343 1509 instituto
359 1465 421 1508 non
435 1446 652 1524 discederem,
670 1447 879 1530 conjunctam
894 1448 981 1512 adeo
995 1467 1072 1512 cum
1086 1449 1283 1513 tractatione

193 1547 324 1627 patriae,
344 1565 385 1610 ac
402 1547 652 1629 quodammodo
674 1556 796 1611 natura
812 1548 1015 1630 copulatam,
1036 1549 1281 1612 contentionem

193 1645 279 1710 lranc
292 1655 450 1723 nostram,
464 1655 501 1712 ut
511 1669 578 1712 una
592 1649 635 1713 ab
651 1649 752 1714 altera
767 1649 882 1713 divelli
896 1669 963 1712 non
978 1650 1099 1731 possit,
1110 1667 1185 1712 esse
1200 1647 1281 1712 milri

196 1749 431 1828 attingendam.
474 1747 562 1827 Quae
584 1769 660 1815 curn
678 1753 726 1814 ita
741 1752 818 1827 sint,
833 1770 908 1816 cnm
923 1751 1122 1814 necessitate
1137 1747 1283 1831 quadam

194 1848 363 1931 impellar,
383 1859 419 1914 ut
441 1852 686 1933 propositurum
710 1857 860 1914 neutrum
882 1851 1140 1933 pretermittam.
1184 1849 1284 1912 Com·

194 1950 324 2026 mittite,
339 1970 402 2014 vos
423 1951 544 2014 Patres
565 1950 764 2032 gravissimi,
780 1952 967 2034 patiamini,
983 1950 1127 2014 studiosi
1147 1948 1284 2014 adoles·

196 2059 324 2129 centes,
341 2053 453 2117 Plinio
468 2059 579 2116 nostro
594 2053 637 2116 de
650 2052 736 2116 furto
750 2060 787 2117 et
802 2054 938 2117 inscitia
959 2053 1103 2134 graviter
1125 2058 1285 2118 accusato

195 2153 277 2218 milri
305 2173 364 2235 per
389 2173 463 2231 vos,
489 2165 522 2218 et
542 2154 790 2230 humanitatom,
817 2173 858 2218 ac
880 2155 1048 2218 lenitatem
1065 2161 1221 2228 vostram,
1247 2161 1285 2216 ut

196 2253 298 2317 liceat
311 2256 430 2337 paucis
445 2255 654 2338 patrocinari.
700 2255 789 2318 Date
802 2253 924 2329 udicio,
939 2253 1015 2317 date
1029 2271 1104 2316 meo
1117 2271 1195 2332 erga
1210 2252 1284 2317 dul-

196 2354 366 2421 eissinam
382 2356 524 2436 patriam
541 2355 658 2430 amori,
676 2361 709 2420 et
726 2361 840 2436 gratae,
857 2371 931 2436 quae
951 2353 1030 2416 milri
1049 2353 1172 2416 civium
1193 2373 1285 2417 meo-

197 2473 269 2519 rum
283 2455 317 2517 iu
333 2463 442 2532 mente
456 2445 619 2531 versatur,
630 2454 850 2518 recordationi
862 2452 1041 2530 concedite,
1053 2460 1090 2517 nt
1099 2453 1166 2517 illis
1177 2455 1284 2519 civem

197 2573 306 2628 suum,
321 2563 355 2618 et
375 2575 497 2633 meum,
512 2556 669 2633 Plinium,
684 2564 846 2637 quantum
865 2558 899 2620 in
918 2575 970 2618 me
990 2563 1055 2632 est,
1070 2553 1212 2618 dicendo
1226 2554 1285 2619 ho-

197 2654 313 2719 dierns
336 2655 391 2719 die
406 2675 607 2733 conservem,
626 2657 828 2740 dignitatern,
849 2657 1067 2731 nobilitatem,
1085 2675 1126 2724 nc
1148 2656 1285 2735 gloriam

196 2761 299 2832 tuear,
314 2773 413 2838 quam
428 2757 461 2819 in
476 2757 540 2821 hoc
557 2759 623 2822 civi
636 2759 850 2840 agnoscimus
862 2758 993 2822 minime
1004 2756 1285 2831 contemnendam,

74 2921 77 2926 ,
196 2873 261 2920 nec
285 2857 465 2938 gravemini
480 2858 591 2921 audire
611 2859 902 2924 Novocomensem
917 2859 960 2921 de
976 2857 1079 2922 Plinii
1095 2858 1203 2938 putria
1218 2855 1285 2918 Ve-

196 2959 395 3022 ronensibus
409 2959 606 3032 Alexandro
621 2959 815 3035 Benedicta,
829 2958 964 3024 Torello
976 2947 1134 3034 Sarcinas,
1146 2962 1179 3020 et
1194 2954 1286 3019 Onu·

197 3058 296 3140 phrio
322 3059 502 3136 Panvinio,
525 3061 605 3124 viris
632 3060 849 3141 gravissimis,
864 3059 1009 3122 maxime
1031 3077 1111 3121 vero
1136 3054 1286 3120 Antonio

199 3158 353 3223 Pantheo
368 3159 624 3248 respondentem
642 3159 769 3224 nullum
788 3177 853 3223 non
873 3157 1021 3241 lapidem
1040 3158 1198 3233 moventi,
1215 3175 1284 3238 quo

197 3257 305 3322 Tribu
321 3278 383 3323 sua
396 3271 523 3348 protom
539 3261 697 3336 Plinium,
712 3267 748 3324 et
761 3261 795 3322 in
809 3259 948 3323 alienam
963 3260 1131 3331 insertum,
1149 3258 1285 3320 transse-

197 3367 250 3424 rat
265 3361 446 3437 Veronam,
469 3361 565 3445 cujus
588 3362 716 3444 alloqui
738 3360 896 3442 opinione
921 3359 995 3424 m'ea
1018 3364 1110 3422 tauta
1130 3358 1285 3420 nobilitas

199 3469 263 3536 est,
278 3468 395 3524 tantus
411 3460 628 3548 splendeant
639 3460 821 3542 ingentium
834 3457 972 3522 molium
982 3462 1156 3532 structura,
1165 3456 1286 3520 aedium

199 3559 376 3642 elegantia,
398 3560 566 3624 fertilitate
585 3579 750 3642 agrorum,
770 3559 914 3622 virorum
932 3557 1021 3620 omni
1038 3575 1155 3638 genere
1176 3556 1286 3620 landis

198 3659 379 3724 illustrium
404 3661 514 3743 copia,
538 3666 637 3743 atque
660 3660 861 3744 antiquitate
886 3659 985 3737 longe
1011 3657 1199 3720 clarissima
1222 3676 1287 3720 non

200 3759 346 3842 indigeat
359 3760 482 3823 lumine
500 3758 597 3822 Plinii
613 3760 725 3834 nostri,
739 3765 772 3822 et
792 3757 911 3821 alieuae
926 3758 1025 3840 hujus
1040 3757 1153 3837 gloriae
1173 3775 1286 3819 acces-

199 3859 306 3936 sione,
327 3879 427 3942 qnam
448 3859 618 3922 Pentheus
634 3877 753 3940 magno
774 3875 839 3921 non
862 3858 968 3920 solnm
984 3864 1108 3922 conatu
1122 3875 1162 3920 ac
1178 3857 1286 3920 studio

105 3960 108 3964 ’
199 3961 340 4036 curavit,
358 3958 586 4026 verumetiam
602 3959 679 4022 totis
694 3957 815 4040 ingenii
831 3957 957 4021 viribus
972 3959 1117 4020 annixus
1130 3975 1288 4038 procura-

198 4061 259 4124 vit.
303 4058 380 4123 Nec
390 4059 565 4122 defuerunt
579 4057 628 4120 illi
644 4057 827 4140 scriptores
839 4056 928 4121 haud
946 4056 1188 4131 contemnendi,
1203 4076 1287 4139 quo·

199 4161 494 4254 rumkanctoritate
518 4159 664 4242 stipatus
691 4160 788 4224 nobis
814 4158 958 4222 Plinium
983 4165 1130 4220 nostnrm
1159 4157 1284 4241 eripere
