3006 4874
285 411 350 480 116
628 424 676 471 nu
699 423 731 471 c.
756 421 874 471 rnmrr
899 419 1039 469 rernm
1072 447 1074 450 -

287 573 440 638 menibus
464 573 634 650 habemus,
658 571 884 648 Dioscuridis,
907 569 1028 634 illustri
1053 575 1246 652 argumento
1269 585 1373 651 appu·

286 682 370 752 reat,
396 693 461 738 non
485 674 594 756 plures
618 672 717 736 modo
742 670 958 736 Dioscorides
983 669 1150 746 Medicus,
1176 670 1237 734 sed
1260 669 1373 751 plures

285 775 502 840 Anazarbeos
517 772 559 835 de
576 772 629 836 Re
649 772 787 837 Medios
807 772 1065 836 commentarios
1089 771 1246 835 edidisse.
1289 769 1374 833 Pers

285 877 440 961 quaedum
456 878 508 937 est
522 875 557 937 lu
576 872 776 937 Dioscoride
793 872 856 936 hnc
877 881 989 934 nostro
1007 861 1219 947 Anazarbeo,
1233 889 1312 954 quse
1333 869 1374 934 de

285 976 438 1042 curandis
457 976 581 1040 ictibus
600 974 642 1037 ab
657 974 858 1038 animalibus
874 993 1038 1038 venenum
1060 973 1286 1037 emittentibus
1302 971 1374 1046 illa-

286 1079 342 1156 tis,
368 1096 443 1142 eam
469 1077 524 1141 alii
550 1076 739 1157 septimum,
762 1080 797 1138 et
819 1082 977 1139 octavum
1002 1075 1122 1138 librum
1145 1092 1219 1137 esse
1245 1073 1372 1150 volunt,

284 1197 420 1261 quorum
437 1178 627 1260 opinionem
640 1175 780 1258 adjuvet
798 1173 978 1239 Marcellus
992 1173 1121 1238 oolode
1137 1172 1284 1236 Materia
1299 1173 1373 1236 Me·

283 1276 361 1340 dica
376 1275 612 1342 Dioscoridem
623 1274 770 1339 edidisse
780 1293 825 1337 ex
837 1272 969 1338 Galeno
984 1279 1138 1353 testatus,
1150 1275 1222 1338 haec
1234 1273 1372 1338 inlibris

282 1376 326 1440 de
354 1376 571 1459 simplicibus
600 1373 694 1438 Med.
724 1373 855 1438 Facult.
880 1374 1037 1439 habente:
1069 1373 1106 1450 'o
1133 1375 1160 1436 ii
1186 1375 1373 1458 Ἀιαζαρβιὺς

284 1475 478 1563 Διοσκουρίδης
494 1479 520 1538 ir
534 1477 550 1554 ἦ
565 1473 687 1554 βιβλίοις
703 1477 752 1551 τὴν
763 1475 906 1560 χρήσιμοι
923 1471 1028 1540 draca
1042 1472 1109 1552 ῧληι
1125 1473 1259 1560 ὗγροιψιι·
1282 1475 1372 1558 quod

281 1585 345 1653 est,
368 1575 568 1641 Aremoricus
590 1585 691 1640 aalma
717 1575 912 1641 Dioscorides
934 1586 1000 1640 octo
1022 1575 1109 1641 libris
1128 1575 1234 1640 utilem
1255 1597 1371 1639 omrem

283 1677 443 1740 materiam
465 1676 596 1762 scripsit.
641 1677 763 1742 Galeui
786 1678 900 1744 Graeci
923 1677 1070 1757 codices,
1093 1697 1182 1762 quos
1203 1696 1266 1759 ego
1289 1676 1371 1754 vidi,

282 1777 369 1842 libro
385 1795 451 1841 vrr.
465 1798 540 1862 cap.
554 1777 661 1860 primo
672 1777 746 1842 lraec
767 1779 886 1842 eadem
906 1780 1041 1857 habeut,
1054 1786 1200 1862 excepto
1215 1778 1371 1842 liurorum

281 1898 429 1958 numero,
449 1881 506 1963 qui
530 1897 593 1942 non
614 1880 738 1942 numeri
765 1887 844 1944 nota
870 1879 1084 1962 significatur,
1110 1881 1170 1944 sed
1197 1881 1271 1964 ejus
1296 1879 1371 1942 loco

281 1977 362 2042 πέντε
376 1981 424 2044 ibi
437 1988 471 2045 et
491 1979 596 2062 poulo
616 1985 697 2061 post
716 1980 847 2060 legitur,
864 1981 955 2062 quod
970 1979 1157 2063 ‘quinque’
1171 1999 1236 2044 non
1252 1979 1372 2043 ‘octo'

280 2081 458 2162 siguificat,
474 2101 535 2145 nec
553 2079 698 2144 difficilis
713 2080 776 2144 luit
790 2081 906 2163 lapsus
920 2099 963 2143 ex
980 2079 1010 2143 Ε
1025 2081 1124 2144 litere
1139 2082 1175 2144 in
1190 2081 1240 2157 H,
1256 2079 1372 2143 addita

281 2181 387 2246 literae
404 2181 433 2244 E
448 2182 553 2245 altera
568 2179 603 2244 H
620 2188 725 2262 parte.
770 2180 860 2244 lllnd
875 2181 988 2264 potius
1007 2181 1220 2263 inquisitione
1235 2181 1371 2262 dignum

281 2281 454 2360 videretur,
466 2281 607 2348 solusne
618 2281 766 2364 quinque
777 2281 820 2345 de
830 2280 1371 2347 materiamedicalibrosDiosco-

282 2380 373 2444 rides
389 2381 1154 2466 composuerit,consentientepraeoipueGraeca
1166 2383 1258 2448 litera
1270 2383 1372 2447 Dios·

282 2482 407 2544 coridis
422 2501 497 2545 oum
512 2481 659 2547 Gelono:
685 2482 712 2544 ir
723 2479 823 2565 τούτῳ,
838 2483 925 2546 enirn
941 2483 1000 2559 eit,
1015 2483 1181 2566 removete,
1195 2481 1369 2548 videlicet:

282 2579 342 2643 ‘lu
355 2581 421 2645 hoc
433 2581 551 2648 ultimo
565 2583 668 2646 totius
684 2582 795 2666 operis
808 2581 1001 2647 disserimus
1013 2582 1055 2645 de
1068 2582 1153 2645 vinis
1163 2580 1183 2660 ;’
1203 2599 1272 2644 nou
1285 2583 1371 2647 sieut

280 2680 362 2762 legit
385 2679 602 2747 Matthiolus:
636 2683 698 2747 ‘lu
721 2683 785 2747 lroc
808 2681 956 2765 quint03’
984 2681 1045 2746 sed
1061 2682 1215 2758 viderint,
1227 2700 1368 2765 qnorum

280 2797 384 2860 opera
408 2779 441 2842 in
464 2779 660 2846 illustrando
693 2787 727 2846 et
751 2782 956 2864 explicando
984 2781 1182 2847 Dioscuridu
1208 2787 1369 2846 versetur.

281 2879 372 2943 Nam
388 2879 584 2958 Marcellus,
600 2883 658 2966 qui
668 2882 795 2965 primus
808 2881 1030 2946 difficultatem
1046 2882 1165 2959 sensit,
1179 2881 1294 2957 haret,
1309 2900 1368 2946 neo

279 2981 347 3042 mei
361 2982 507 3044 muneris
521 2987 572 3044 est
587 2981 713 3063 digredi
727 2987 795 3046 tam
810 2982 907 3065 longe
928 2983 970 3046 eb
989 2983 1155 3060 instituto,
1171 2980 1260 3064 qnod
1275 3001 1368 3063 repe·

279 3085 355 3144 tens
369 3079 468 3160 eddo,
483 3081 569 3145 alins
591 3082 728 3146 eandem
749 3091 874 3166 partem
897 3085 932 3147 in
955 3091 1025 3148 tres
1047 3083 1163 3160 libros,
1179 3081 1366 3163 septimum,

277 3183 446 3258 octavum,
468 3188 503 3244 et
523 3201 645 3245 nouum
667 3183 829 3263 secuisse,
854 3183 1034 3248 nonnullos
1056 3203 1132 3248 oum
1156 3183 1242 3247 libro
1265 3188 1366 3246 sexto

277 3278 502 3361 conjunxisse,
517 3299 604 3364 quos
618 3288 754 3347 secutus
769 3283 968 3348 Matthiolus
981 3285 1144 3348 rationem
1156 3283 1296 3360 addidit,
1308 3299 1367 3346 cur

278 3397 301 3442 a
314 3387 412 3445 sexto
428 3381 575 3465 disjungi
588 3401 654 3446 nou
669 3385 785 3466 possit,
798 3385 832 3448 in
849 3383 946 3467 cnjus
967 3385 1061 3450 initio
1081 3385 1169 3451 hunc
1185 3385 1299 3468 ipsum
1314 3391 1365 3446 to-

278 3478 345 3542 tius
369 3487 478 3564 operis
502 3491 689 3548 extremum
711 3503 787 3549 esse
805 3485 1021 3550 Dioscorides
1041 3487 1184 3565 censuit,
1209 3485 1365 3567 septimo,

279 3587 414 3660 octavo,
439 3602 588 3666 nonoque
613 3584 777 3650 exclusis:
812 3603 954 3668 quocum
977 3605 1040 3668 ego
1061 3588 1095 3650 in
1117 3605 1159 3651 eo
1180 3585 1364 3662 consentio,

276 3681 371 3764 quad
408 3685 584 3768 septimum
619 3685 736 3750 librum
767 3671 995 3752 Dioscoridem
1034 3685 1187 3752 Meteriae
1216 3683 1363 3750 Medicae

278 3781 472 3863 scriptorem
487 3782 658 3848 addidisse
679 3787 799 3864 noluit,
814 3787 989 3865 dissentio,
1007 3786 1100 3871 qnod
1121 3787 1204 3851 hanc
1225 3789 1363 3868 partem,

278 3881 373 3964 cnjus
386 3883 515 3948 initium
530 3883 651 3947 librum
667 3885 843 3968 septimum
863 3886 1012 3951 nonnulli
1026 3887 1272 3969 inscripserunt,
1288 3903 1363 3948 esse

276 3981 352 4045 libri
367 3987 456 4048 sexti
472 3989 597 4068 partem
612 3986 861 4064 existimaverit,
877 3988 911 4050 iu
924 3987 987 4051 hoc
1003 3989 1089 4052 euim
1104 3987 1211 4052 salsus
1225 3985 1363 4050 Matthi-

277 4084 351 4148 olus
365 4092 427 4163 est,
442 4088 530 4171 qnod
544 4089 632 4154 hanc
647 4096 777 4172 partem
792 4091 836 4154 ab
852 4109 893 4154 eo
907 4090 1076 4173 scriptore,
1098 4108 1120 4152 e
1135 4109 1201 4174 quo
1216 4088 1361 4172 quinque

277 4185 400 4266 priores
412 4188 485 4252 lllrri
500 4191 677 4274 compositi
692 4192 791 4266 suere,
807 4189 928 4255 editam
940 4207 1015 4254 esse
1029 4191 1209 4273 putaverit,
1219 4207 1309 4272 qum,
1323 4195 1362 4251 ut
