3016 4876
462 335 657 389 rnmrsuro
680 338 732 387 ro.
756 337 963 388 nanuurur.
1216 323 1263 388 15

168 479 272 544 linum
286 497 408 546 nomeu
424 478 515 558 lecit,
531 479 692 546 Claudius
716 481 908 546 Salmasius.
934 491 937 498 ’
954 480 1032 559 Quo
1054 480 1087 544 in
1110 499 1211 566 opere
1225 488 1261 546 ui

166 583 234 646 sint
248 599 350 664 quam
365 580 508 664 plurima
522 600 604 646 saue
620 582 712 649 dictu
723 583 872 650 erudite:
894 584 970 668 quis
992 583 1078 648 enim
1094 583 1129 647 id
1142 585 1259 666 ueget‘t

165 691 202 746 at
225 688 303 748 suut
321 681 433 746 ulieua
455 687 567 748 tamen
591 685 634 748 ab
652 684 822 770 instituto,
847 686 909 751 hoo
924 694 987 764 est,
1001 705 1022 749 u
1038 685 1150 752 Plinio
1166 685 1260 750 illus-

165 783 302 862 trando,
316 783 497 867 pleraque:
515 789 549 848 et
563 804 782 869 quaecumque
797 787 832 850 iu
849 786 956 852 Plinio
972 794 1051 852 suut
1064 786 1271 862 difficilioris,

164 883 271 968 paulo
286 885 489 969 explicatus,
512 905 589 968 quae
615 893 693 950 suut
715 886 953 972 propemodum
975 887 1111 966 infinita,
1126 894 1260 970 praeter·

165 986 274 1051 missa
288 987 419 1052 iuterim
432 987 476 1052 ab
491 1006 543 1065 eo,
557 1006 617 1052 uec
631 987 749 1053 leviter
761 988 895 1071 quidem
909 989 1077 1054 delibuta:
1098 989 1260 1072 quicquid

165 1087 299 1158 demum
315 1089 450 1154 boniac
465 1089 661 1172 probabilis,
688 1089 782 1174 quod
806 1090 850 1155 ud
875 1090 1021 1155 Plinium
1037 1091 1169 1175 quidem
1185 1091 1261 1156 atti·

165 1196 257 1266 neat,
273 1207 315 1254 ea
328 1189 556 1256 lucubratione
566 1191 763 1269 continetur,
775 1192 810 1257 id
822 1191 893 1256 fere
904 1199 1011 1257 totum
1022 1199 1128 1256 estex
1141 1191 1259 1257 alienis

165 1289 272 1354 bortis
287 1296 482 1376 surreptum,
493 1310 581 1374 quos
595 1290 667 1357 suis
680 1292 767 1356 locis
782 1291 1026 1358 indicabimus:
1040 1294 1199 1378 quicquid
1215 1294 1259 1357 du

165 1410 228 1456 suo
244 1393 384 1474 primum
399 1394 603 1476 excogitavit
618 1411 658 1458 ac
673 1394 821 1478 protulit,
836 1395 926 1478 quod
941 1395 1059 1458 eodem
1074 1401 1216 1478 spectet,
1228 1396 1260 1458 ei

166 1494 234 1560 sere
261 1497 408 1578 oportuit
432 1495 523 1561 theta
547 1495 675 1579 nigrum
699 1515 721 1560 a
744 1497 842 1561 uobis
864 1496 1012 1579 praefigi:
1034 1495 1068 1558 id
1084 1495 1173 1578 quod
1191 1496 1260 1560 siue

166 1595 238 1659 ulla
252 1604 366 1660 tamen
381 1597 562 1662 acerbitate
577 1599 700 1664 lecturi
714 1617 840 1677 sumus,
857 1616 959 1681 aqua
972 1597 1168 1680 longissime
1181 1614 1260 1660 uos·

166 1695 211 1760 tri
225 1715 334 1762 urores
350 1699 481 1764 absum.
1091 1702 1094 1707 ’

164 1853 167 1860 «
207 1796 378 1864 libellum
393 1799 424 1864 is
438 1804 598 1883 praeterea
613 1799 731 1878 edidit,
746 1820 843 1884 quem
864 1800 1032 1883 inscripsit
1053 1799 1130 1864 ‘De
1146 1799 1258 1865 Plinio

164 1897 359 1976 iudicium:
380 1907 416 1963 et
438 1900 514 1965 ‘De
528 1901 753 1985 Homouymis
765 1904 786 1966 :²
807 1904 866 1967 ubi
882 1902 995 1967 Plinio
1010 1901 1119 1965 dicam
1133 1899 1260 1977 scribit,

167 1999 258 2083 quod
273 2001 337 2065 sub
352 1999 494 2066 diversis
508 2004 699 2067 nominibus
712 2003 846 2070 eusdem
857 2003 990 2068 omuino
1007 2003 1141 2086 plantas
1152 2001 1260 2065 diver·

166 2101 217 2165 sis
230 2100 313 2168 locis
328 2101 519 2168 describat:
542 2104 680 2186 perinde
703 2107 800 2188 quasi
813 2124 878 2170 uon
894 2104 982 2169 idem
996 2101 1147 2169 Galenus
1162 2118 1260 2165 usur-

166 2202 263 2284 parit,
285 2202 384 2267 libris
407 2202 448 2266 de
471 2203 856 2286 facultatesimplicium
878 2202 1189 2267 medicamentorum
1208 2199 1260 2264 iu-

165 2305 310 2388 scriptis‚
324 2306 359 2368 iu
375 2302 493 2370 Astere
506 2303 635 2380 Attico,
649 2312 682 2368 et
702 2305 871 2391 Bubouio,
897 2303 1046 2386 aliisque.
1092 2300 1159 2366 Sed
1182 2306 1260 2365 sunt

166 2405 283 2470 etulia
297 2405 371 2488 ejus
385 2404 461 2472 libri
473 2403 677 2493 rapuerimus,
693 2425 769 2488 quae
785 2408 856 2470 suis
869 2406 955 2470 locis
967 2403 1180 2468 notabuntur.

210 2506 333 2590 Itaque
346 2512 425 2589 post
440 2513 493 2570 tot
504 2525 704 2571 summorum
715 2507 857 2571 virorum
873 2505 1131 2581 lucubrationes,
1142 2505 1171 2566 si
1183 2499 1260 2586 quis

150 2615 263 2689 ,roget
287 2607 368 2690 quid
396 2607 439 2671 ub
459 2607 502 2671 iis
517 2606 673 2672 ellectum
687 2607 731 2671 sit
745 2613 795 2672 tot
809 2607 910 2686 curis,
924 2614 974 2672 tot
987 2606 1121 2688 vigiliis,
1142 2612 1191 2670 tot
1206 2623 1261 2668 su·

165 2708 318 2785 duribus,
351 2708 434 2792 quid
460 2708 579 2776 deiude
606 2708 732 2774 laboris
757 2709 920 2792 supersit:
954 2706 1063 2773 dicum
1091 2707 1260 2781 audacter,

165 2809 257 2892 quud
271 2814 324 2873 est
337 2808 429 2892 apud
441 2809 588 2874 eruditos
602 2809 637 2873 iu
660 2809 838 2875 confesso:
860 2810 937 2891 plus
959 2809 1017 2872 uui
1040 2807 1122 2872 milri
1138 2806 1259 2871 deinde

167 2909 386 2994 superfuisse,
408 2927 507 2992 quam
524 2917 686 2992 quantum
699 2929 721 2974 a
734 2909 875 2990 siugulis
893 2909 965 2991 jam
989 2909 1186 2974 exhaustum
1203 2908 1260 2986 sit,
1328 2891 1337 2906 ’

165 3011 243 3094 plus
257 3010 359 3074 etium
374 3027 473 3091 quam
488 3016 647 3093 quantum
663 3011 707 3076 ab
721 3011 885 3074 omuibus.
929 3009 1020 3074 Nam
1043 3017 1079 3074 ei
1101 3009 1160 3072 vix
1183 3028 1260 3092 par·

167 3118 232 3176 tem
257 3110 373 3193 operis
395 3111 603 3176 millesimum
627 3111 768 3192 attigere
791 3110 958 3174 universi:
988 3117 1021 3174 et
1044 3111 1261 3174 retractandas

166 3211 382 3276 nihilomiuus
392 3211 594 3294 singulorum
604 3210 860 3288 lucubrationes,
868 3209 1097 3294 discrepantes
1106 3208 1260 3274 codicum

165 3311 329 3378 lectiones
343 3313 441 3378 simul
455 3311 677 3390 excutiendas,
690 3319 731 3375 ut
744 3331 821 3394 quse
844 3311 982 3376 sincerm
1005 3310 1115 3376 forent
1137 3309 1260 3393 dijudi-

168 3431 334 3488 caremus,
348 3431 467 3496 quaeve
483 3411 693 3476 adulterium.

211 3515 419 3598 Proeypauraal,
434 3520 473 3577 ut
487 3513 668 3596 appellant,
685 3512 750 3578 hoc
766 3520 829 3590 est,
855 3519 1010 3576 terrarum
1033 3512 1133 3589 situs,
1157 3531 1260 3594 quarn

167 3615 203 3680 iu
218 3622 345 3698 purtem
359 3614 506 3680 maxime
520 3613 721 3696 negligentia
742 3613 948 3678 librariorum
974 3619 1074 3696 atque
1094 3613 1261 3697 imperitia

169 3714 393 3792 carnificinam
409 3714 569 3792 exercuit,
585 3713 806 3779 restituendus
822 3733 863 3780 ac
877 3713 1047 3780 sanandus
1060 3712 1143 3779 luit:
1169 3723 1262 3781 trun·

170 3823 260 3894 cetu,
269 3815 412 3892 dimisa,
421 3814 575 3892 confusa,
585 3814 795 3899 confictaque
805 3816 951 3894 numius,
965 3835 1043 3899 quse
1054 3823 1166 3881 tamen
1176 3818 1259 3894 fere,

171 3937 232 3982 ceu
258 3919 409 4000 genuina,
432 3915 553 3982 Ortelii
576 3915 708 3982 Lexica
729 3925 977 4000 ceterorumque
999 3915 1173 3994 admisere,
1198 3924 1260 3982 'suo

171 4022 311 4103 primum
333 4019 445 4097 nitori,
468 4037 599 4102 suoque
614 4017 735 4084 deiude
750 4019 825 4084 loco
841 4037 882 4083 ac
897 4017 986 4096 situi,
1001 4017 1087 4082 uude
1100 4037 1261 4102 perversa

171 4122 433 4206 interpunctione
446 4119 653 4198 exciderunt,
678 4119 861 4186 reddenda:
883 4119 972 4202 quod
997 4119 1110 4201 quanti
1131 4118 1262 4185 fastidii
