3016 4876
447 419 581 470 usuum
603 421 629 470 1.
650 418 767 469 unum
790 415 974 470 omnuim.
1208 405 1251 469 ⁷0

210 579 314 628 ΔΝΝο
337 579 385 627 ΑΝ
410 580 442 626 ν.
465 582 497 628 0.
521 579 766 628 ocuxxxvm.
788 579 822 640 Q.
846 577 977 627 snmus
1000 577 1040 623 Ν.
1064 578 1094 626 Ν.
1118 577 1153 626 Ν.
1177 579 1213 626 Ν.

310 680 750 730 00xov11.u.vnuuuuvs
776 681 816 729 Ν.
841 681 872 727 Ν.
897 677 1045 727 vouvsu
1070 678 1107 726 Ν.

421 784 514 833 0001.
538 784 569 831 Ν.
591 782 740 832 susulvs
764 785 798 844 o.
820 781 852 829 Ν.
875 781 936 828 vm
961 780 998 828 Ν.

396 883 504 931 00011.
526 885 561 932 s.
585 882 771 932 ΝΝΝΝΝΝΝ
794 881 855 931 οΝ.
879 883 911 931 Ν.
935 882 966 928 Ν.
988 881 1025 929 Ν.

339 981 832 1044 000xxx1v.o.ssuvunvs
857 983 891 1030 Ν.
914 984 944 1030 Ν.
968 981 1020 1031 se.
1044 981 1080 1028 Ν.

282 1085 577 1134 cuoxxx0111.0.
601 1084 789 1132 vanumvs
813 1084 847 1131 u.
870 1083 901 1131 Ν.
925 1081 1072 1131 voovsn
1098 1081 1133 1130 Ν.

396 1185 570 1234 ucoxuvl.
593 1186 629 1233 Ν.
653 1185 786 1234 snaivs
810 1185 845 1246 o.
869 1184 899 1232 Ν.
922 1185 961 1232 Ν.
985 1184 1022 1231 Ν.

412 1285 552 1333 000011.
574 1285 612 1334 x.
635 1285 769 1334 snaivs
792 1286 831 1333 Ν.
855 1285 883 1333 Ν.
909 1284 943 1345 Q.
965 1284 1005 1335 Ν.
1033 1315 1036 1322 .

338 1385 575 1435 coonxxxlv.
600 1387 633 1434 u.
656 1385 832 1450 utrumve
858 1386 910 1433 su.
935 1386 966 1432 Ν.
988 1385 1019 1432 0.
1041 1384 1081 1432 Ν.

211 1471 391 1555 inquibus
413 1471 517 1536 lilium
539 1478 575 1536 et
595 1477 750 1555 nepotem
764 1489 841 1535 cum
862 1476 1033 1552 putreant
1053 1469 1139 1534 iuter
1162 1489 1198 1534 se
1217 1469 1251 1534 iu

168 1573 275 1655 primo
290 1572 434 1648 nomine,
458 1572 545 1656 quod
568 1577 578 1608 ‘
589 1571 793 1657 praeuomeu’
813 1578 949 1649 uocant,
973 1589 1039 1634 nou
1056 1571 1251 1635 oouueuisse

168 1672 378 1756 apertissime
405 1679 547 1737 onustat.
606 1672 710 1738 Primi
735 1689 876 1755 numque
904 1670 1051 1753 exempli
1078 1689 1162 1734 avus
1190 1671 1253 1736 fuit

166 1772 319 1850 ‘Kaeso,'
334 1773 422 1837 filius
438 1773 620 1852 ‘Murons,'
640 1771 824 1852 ‘Quintus'
848 1791 974 1855 nepos:
997 1772 1146 1851 alterius,
1167 1790 1252 1836 evus

166 1871 343 1948 Volusius,
356 1871 548 1938 ldoeoeuius
558 1875 659 1951 filius,
671 1881 778 1955 nepos
791 1871 926 1937 Marcus
938 1893 947 1937 ι
958 1872 1059 1950 tertii,
1075 1891 1158 1936 avus
1168 1877 1179 1906 ‘
1189 1871 1251 1937 Vi·

167 1973 253 2051 bus,’
267 1973 355 2037 lilius
371 1972 557 2051 ‘Quintus'
572 1971 757 2038 ‘Publius'
770 1991 892 2055 nepos:
908 1975 1028 2055 quarti,
1042 1991 1125 2037 avus
1139 1972 1253 2036 ‘Pub-

165 2073 253 2150 lius,’
275 2073 364 2139 filius
389 2071 546 2153 ‘Gneus,'
570 2092 678 2156 uepos
693 2073 820 2138 Aulus:
848 2073 970 2156 quinti,
993 2092 1076 2138 avus
1094 2073 1251 2156 Spurius,

167 2175 255 2239 tilius
282 2179 291 2211 ‘
302 2173 465 2253 Publius,'
485 2194 593 2258 nepos
608 2173 773 2252 ‘Quintus
785 2172 812 2238 :'
831 2175 930 2252 sexti,
944 2193 1027 2239 avus
1048 2172 1253 2249 ‘Volusius'

167 2275 258 2340 filius
275 2274 442 2352 ‘Lucius’
455 2295 563 2361 nepos
584 2273 747 2340 ‘Gaiusz'
763 2275 908 2357 septimi,
924 2293 1008 2338 uuus
1022 2271 1200 2351 ‘Marcus'
1215 2274 1252 2336 li-

167 2375 232 2439 lius
247 2373 439 2452 ‘Quintus,’
453 2393 561 2458 nepos
576 2373 777 2439 ‘Numerius
787 2395 796 2438 ε
806 2373 815 2400 ’
826 2374 948 2449 octavi,
963 2393 1046 2438 auus
1062 2371 1253 2450 ‘Quintus'

167 2475 254 2540 lilius
272 2474 455 2551 ‘Murcum’
468 2495 575 2559 nepos
592 2475 756 2540 ‘Kaesot'
773 2477 891 2552 ultimi,
906 2495 989 2539 avus
1003 2479 1014 2508 ‘
1027 2471 1151 2553 Cuius,'
1162 2473 1252 2538 filius

169 2573 358 2661 ‘Spurium'
377 2596 483 2659 nepos
502 2577 670 2641 ‘Lucius'
714 2575 810 2654 Quos
825 2577 860 2640 iu
875 2576 1020 2641 secundo
1036 2575 1166 2640 nomine
1180 2583 1253 2638 tou-

168 2695 267 2759 quam
283 2676 326 2741 ud
343 2676 499 2741 lumilium
515 2679 696 2762 pertinente
717 2679 913 2744 convenisse
928 2696 1042 2743 omnes
1057 2683 1179 2741 certum
1190 2683 1254 2752 est,

168 2783 204 2842 ut
218 2778 260 2840 de
280 2778 354 2856 hoc,
372 2779 435 2842 nisi
452 2777 512 2863 qui
530 2780 563 2842 iu
580 2780 716 2864 antiqua
728 2779 952 2844 Romanorum
969 2777 1159 2842 nominandi
1176 2796 1254 2841 cou-

168 2877 339 2943 suetudine
365 2879 501 2962 peuitus
527 2879 637 2944 iussus
657 2880 820 2957 extiterit,
842 2877 940 2944 nemo
962 2878 1111 2942 dubitare
1133 2877 1253 2960 possit.

169 2976 283 3057 Quare
308 2978 433 3042 nullum
457 2997 525 3043 nou
547 2979 656 3044 dicam
677 2980 928 3057 dubitationem,
952 2979 1013 3042 sed
1039 2977 1253 3044 dubitationis

169 3079 391 3161 suspicionem
412 3079 525 3156 habet,
547 3081 581 3144 iu
606 3078 646 3145 C.
673 3081 784 3146 Plinio
808 3080 964 3146 Secundo
986 3077 1144 3144 ‘Gaium'
1170 3099 1254 3162 prae·

168 3195 303 3260 nomeu,
329 3188 364 3244 et
392 3200 577 3263 cognomen
609 3181 848 3258 ‘Secundum’
881 3202 921 3246 uo
953 3181 1088 3246 familiae
1121 3173 1254 3259 nomeu,
1338 3259 1344 3272 ,

169 3281 260 3363 quod
275 3281 424 3345 secundo
438 3283 513 3347 loco
527 3283 654 3366 legitur,
668 3282 833 3348 ‘Plinium
845 3281 855 3308 '
869 3303 943 3348 esse
954 3305 971 3356 3.
982 3281 1067 3347 uude
1080 3281 1160 3345 velit
1170 3282 1254 3345 nolit

170 3381 310 3445 Panthei
330 3382 448 3453 fautor,
469 3389 507 3447 ut
526 3383 681 3462 fateatur,
703 3403 845 3448 neeesse
871 3389 933 3460 est,
956 3383 987 3446 si
1008 3382 1060 3445 uis
1081 3382 1204 3464 aliqua,
1222 3381 1253 3444 si

169 3482 303 3565 pondus
317 3482 418 3547 ullum
440 3490 513 3548 erat
532 3469 568 3548 iu
587 3491 778 3567 argumento
793 3483 945 3558 Panthei,
960 3482 1018 3545 ubi
1039 3480 1255 3547 ‘Secundus'

169 3579 328 3646 familiam
342 3581 575 3664 significasset,
596 3591 745 3648 nostrum
769 3583 1009 3648 demonstrare:
1033 3581 1135 3667 quod,
1150 3581 1253 3647 Plini-

170 3701 238 3758 um,
260 3700 378 3745 nomeu
401 3701 476 3747 esse
497 3684 634 3750 familiae
656 3684 779 3748 habeto
798 3703 857 3768 pro
870 3685 1096 3759 fundamento,
1111 3703 1187 3748 cum
1201 3683 1254 3765 ip·

170 3801 243 3846 sam
257 3781 417 3846 familiam
433 3782 529 3848 Comi
541 3784 646 3850 fuisse
662 3784 856 3864 dixerimus,
867 3783 968 3868 idque
979 3785 1094 3850 multis
1104 3784 1255 3866 antiquo·

169 3901 243 3948 rum
266 3881 416 3965 lapidum
439 3882 718 3968 Inscriptionibus
744 3884 895 3951 adductis
920 3904 1005 3951 nuuc
1030 3884 1253 3974 ostendemus.

170 3979 248 4046 Una
262 4001 374 4047 earum
389 3981 487 4048 Comi
502 3984 621 4066 legitur
632 3987 668 4050 iu
678 4004 862 4050 marmorea
871 3986 987 4050 tabule
995 3985 1072 4049 olim
1086 3983 1120 4046 io
1136 3983 1253 4046 subur-

169 4083 229 4148 bio
247 4081 292 4146 D.
307 4081 434 4146 Vitatis
448 4091 590 4166 reporto,
600 4101 682 4152 mox
696 4085 730 4149 iu
743 4085 857 4171 templi
871 4085 1009 4151 maximi
1021 4083 1144 4171 pariete
1154 4083 1256 4150 eollo·

171 4181 553 4265 cataqueesiehabet:
829 4177 835 4190 ’
