3016 4876
256 379 298 443 12
495 415 502 428 ·
549 395 1046 450 rnsrauroro.rraanurr1.

300 539 557 606 Auuotatiouum
581 542 757 609 centurias
783 542 878 619 duas,
904 539 1115 624 paucissimis
1139 540 1343 623 quibusdam

257 645 463 710 librariorum
478 643 602 709 mendis
616 646 709 712 velut
718 646 750 708 iu
762 652 952 712 transcursu
960 643 1159 721 subnotatis,
1171 645 1346 727 couscrip-

258 745 303 808 sit
326 743 375 808 Μ.
397 744 563 809 Antonius
585 745 749 812 Cocceius
772 746 969 825 Sabellicus,
991 744 1220 822 Bibliothecae,
1242 764 1345 828 quam

258 846 412 912 Venatiis
425 846 608 912 Bessariou
629 848 824 931 publicarat,
848 847 1051 913 Praefectus:
1075 849 1110 912 iu
1129 847 1250 931 quibus
1266 855 1347 911 sunt

259 949 437 1014 admodum
454 969 566 1033 pauca
576 950 660 1015 scite
674 949 920 1016 animadversa:
936 956 1044 1016 cetera
1056 950 1257 1034 conjecturae
1272 967 1346 1013 oru-

260 1052 339 1116 niuo
352 1050 506 1116 infelicis.
1339 1095 1343 1103 ,

304 1153 477 1218 Robertus
498 1153 539 1218 de
561 1151 676 1233 Valle,
695 1153 986 1237 Rntbomagensis,
1003 1097 1258 1236 compendium,
1273 1154 1347 1218 sive

260 1256 475 1339 Excerptae
481 1256 605 1336 Plinio,
622 1262 658 1322 et
681 1255 907 1322 Plinianorum
926 1254 1129 1321 difficilium'
1121 1275 1154 1320 ru
1172 1255 1347 1320 Naturalis

261 1357 424 1422 Historiae
447 1358 541 1423 libris
566 1360 826 1442 expositionem,
850 1358 894 1423 ad
918 1356 1082 1422 Renaturn
1103 1355 1347 1422 Camoteusem

260 1459 466 1542 Episcopum
489 1460 667 1544 inscripsit,
691 1480 780 1525 anno
805 1476 870 1524 nn.
891 1479 976 1544 opus
997 1459 1120 1524 nullius
1141 1458 1347 1534 eruditionis,

260 1560 449 1643 nulliusque
463 1560 600 1641 fructus
615 1568 674 1627 aut
687 1563 794 1647 pretrr
1004 1611 1008 1620 ⁴

303 1661 410 1728 Adde
416 1665 468 1728 his
483 1665 688 1749 Rapha'elem
704 1665 997 1742 Volaterranum,
987 1685 1023 1730 ru
1033 1665 1127 1730 libris
1141 1664 1184 1728 de
1199 1607 1348 1748 Gangra-

262 1765 362 1848 pbia:
393 1764 607 1832 Guillelmum
629 1767 832 1845 Budoeum,
822 1787 855 1832 ru
876 1769 967 1832 libris
993 1785 1078 1851 quos
1101 1766 1143 1830 de
1164 1765 1347 1832 Pandectis

262 1866 445 1949 inscripsit,
460 1875 496 1930 et
509 1887 595 1950 quos
607 1866 649 1931 de
662 1866 767 1932 Asse:
791 1867 999 1932 Hadrianum
1020 1866 1235 1931 Turnebum
1225 1887 1259 1931 ru
1274 1867 1350 1936 Ad·

263 1967 429 2045 versariis,
440 1968 593 2054 aliosque
603 1967 757 2046 criticos,
772 1971 830 2052 qui
842 1988 920 2034 suas
934 1968 1253 2047 animadversiones,
1265 1970 1347 2034 mis·

262 2069 429 2134 cellaueas
443 2070 699 2151 observationes,
714 2071 1022 2152 racemationesque,
1035 2067 1090 2135 vol
1105 2087 1172 2134 uua
1185 2070 1299 2153 aliqua
1313 2071 1350 2136 iu

263 2169 411 2236 Plinium
424 2172 531 2237 obiter
544 2171 677 2256 adjecta
694 2179 777 2236 uota
794 2170 972 2247 nobilitari,
987 2170 1239 2254 symbolumque
1251 2189 1348 2237 suam

263 2272 343 2336 dare
354 2274 388 2337 iu
400 2275 485 2338 bauo
498 2274 603 2338 veluti
618 2293 749 2339 coeuam
762 2273 875 2338 decori
889 2273 956 2337 sibi
966 2291 1042 2338 esse
1052 2273 1226 2337 duxerunt.
1247 2271 1348 2336 Adde

262 2373 390 2452 iterum,
415 2377 445 2440 si
466 2375 568 2454 lubet,
583 2374 764 2440 Antonium
783 2374 1048 2451 Nebrisseusem,
1065 2392 1164 2456 quem
1178 2374 1213 2438 iu
1228 2374 1349 2438 obseu-

263 2475 351 2540 riora
370 2474 471 2540 Plinii
487 2476 573 2553 loca,
587 2482 622 2539 et
636 2475 658 2540 J
660 2494 800 2540 oannem
815 2473 986 2540 Andream
999 2473 1186 2552 Strenuum,
1201 2493 1299 2557 quem
1312 2473 1348 2537 in

264 2596 381 2642 omues
394 2576 497 2644 Plinii
511 2579 626 2658 libros,
640 2586 675 2645 et
688 2579 959 2663 Christophorum
975 2579 1178 2662 longolium,
1199 2579 1349 2661 quamin

263 2679 417 2744 undecim
441 2681 582 2765 priores,
607 2701 764 2747 exarasse
791 2681 1035 2746 Aunotationes
1064 2680 1177 2744 aiunt:
1200 2679 1260 2744 sed
1289 2699 1349 2746 aas

263 2779 427 2846 hacteuus
441 2781 596 2861 ineditas,
622 2791 661 2848 ut
681 2783 811 2866 quidem
833 2802 958 2848 remur:
978 2782 1027 2846 uti
1042 2787 1075 2846 et
1087 2780 1215 2864 Diguili
1230 2780 1350 2847 Gram-

262 2883 375 2948 matici
390 2892 550 2967 excerpta
562 2905 607 2949 ex
621 2883 738 2950 Soliuo
754 2893 788 2952 et
803 2884 927 2962 Plinio,
941 2903 1017 2968 quae
1032 2883 1067 2947 iu
1079 2884 1278 2948 membranis
1292 2903 1350 2948 ex-

264 2990 335 3049 tare
350 2985 537 3050 Salmasius
550 2987 609 3064 ait,
623 2987 658 3050 iu
673 2985 818 3051 Exarsit.
833 2985 876 3050 ad
889 2985 990 3051 Soliu.
1004 3003 1081 3067 pag.
1093 2985 1127 3050 4.
1151 2984 1196 3050 D.
1211 2985 1254 3049 de
1268 2983 1351 3070 ayr-

265 3104 310 3149 va
324 3086 481 3164 similiter,
494 3086 608 3173 (t'orte,
624 3086 664 3151 de
679 3087 797 3171 Sylva)
812 3088 914 3152 Frisii
933 3085 1073 3158 Medici,
1085 3085 1350 3152 Commentarios

265 3187 299 3249 iu
324 3186 480 3265 Plinium,
505 3208 592 3272 quos
611 3188 729 3254 laudat
759 3190 978 3272 Muutiugius,
1004 3205 1103 3272 opere
1124 3188 1282 3270 singulari
1307 3189 1348 3261 de

265 3288 368 3354 herba
390 3289 593 3372 Britannica,
616 3308 693 3375 pag.
707 3293 783 3358 121.
799 3311 861 3358 neo
878 3290 1031 3369 vidimus,
1046 3308 1108 3355 uec
1123 3290 1275 3373 wlgatos
1290 3311 1350 3374 pu·

265 3394 402 3455 tamus.¹
438 3435 441 3442 -

309 3489 332 3554 J
334 3509 388 3555 am
402 3493 460 3575 qui
475 3501 604 3576 partem
626 3493 728 3579 bajus
745 3495 855 3578 operis
875 3494 1023 3576 aliquam
1050 3492 1115 3557 sibi
1139 3511 1299 3573 sumsere,
1314 3501 1350 3561 ut

266 3591 300 3654 iu
316 3609 357 3655 ea
370 3594 582 3676 potissimum
598 3595 813 3673 elaborarent,
825 3595 858 3658 bi
871 3594 940 3660 fere
955 3601 1050 3658 suut:

311 3692 351 3757 In
374 3691 610 3759 Proeiationem
636 3695 679 3760 ad
700 3695 825 3760 Titum.
868 3694 1021 3760 Marinus
1036 3693 1257 3760 Beoicheurus
1271 3695 1351 3760 Sco·

267 3795 406 3873 mansis,
422 3813 510 3858 anno
530 3811 672 3860 nnxrx.
718 3795 884 3862 Nicolaus
910 3794 1061 3860 Perottus
1085 3795 1278 3879 Episcopus
1298 3796 1349 3861 Si-

266 3896 433 3980 pontinae,
460 3901 576 3961 auctor
599 3895 844 3980 Gomueopiee:
868 3915 936 3979 quo
958 3914 1057 3978 opere
1081 3914 1122 3960 ea
1142 3896 1347 3962 elucubratio

301 4073 326 4136 [¹
346 4074 378 4126 In
394 4073 516 4126 Editicue
537 4072 651 4123 secunda
673 4071 789 4122 additum
829 4085 911 4135 nuper
934 4072 1049 4136 prodidit
1072 4073 1167 4137 abqoid
1191 4075 1216 4126 in
1239 4073 1348 4128 Plinium
1406 4043 1412 4052 ,

267 4150 386 4213 iusuper:
401 4151 409 4177 ⁴
422 4150 541 4214 Denique
554 4147 689 4198 Nicolaum
702 4147 788 4195 llerrl·
830 4161 957 4210 exerrare,
980 4163 1083 4212 prorsus
1103 4161 1152 4198 ure
1170 4149 1286 4214 vidimus,
1302 4163 1348 4202 uro

269 4224 338 4289 duur,
358 4225 412 4275 rire
434 4225 540 4286 Bouad,
567 4237 642 4288 quem
664 4237 789 4273 nonnemo
829 4221 976 4285 uorlruur.']
