3016 4876
250 362 293 426 56
587 337 690 426 nno.
713 377 833 428 rursu
860 378 999 428 rurum

251 539 327 584 curn
342 519 451 586 referri
467 520 653 599 uoluisset3
674 540 733 584 seo
760 541 803 586 err
828 522 938 586 Plinio
957 520 1111 600 Juniore,
1127 539 1203 586 nuru
1219 527 1342 604 prater

250 621 312 684 bos
327 622 414 685 duos
428 640 525 686 nemo
542 639 587 684 ex
601 622 840 688 vetustioribus
854 625 1047 690 auctoribus
1061 625 1127 689 boc
1142 625 1289 708 scripsit,
1304 624 1340 687 iu

251 721 405 804 Epistola
417 722 459 787 ad
472 722 627 788 Tacitum
641 730 803 807 excerpta
817 743 890 788 esse
904 723 1035 789 dixerit
1078 724 1170 804 Quid
1185 725 1339 789 miremur

252 828 414 888 amentem
430 817 593 908 quendam
608 826 855 908 interrogatum,
873 846 941 908 quo
955 833 1161 908 properaret,
1174 832 1211 890 ut
1224 825 1341 890 nescio

252 944 350 1009 quem
364 927 516 990 insanum
530 925 584 1012 (se
597 929 706 1012 ipsum
720 935 831 992 autem
845 925 1054 1006 nominabat)
1069 928 1204 1004 videret,
1219 927 1277 1011 qui
1291 927 1340 992 la·

252 1045 339 1109 queo
357 1027 430 1091 sibi
454 1028 560 1092 vitam
586 1028 777 1105 ademisset,
803 1028 1030 1110 respondisse,
1059 1047 1134 1094 cum
1172 1028 1341 1093 Eusebius

252 1127 328 1205 boc,
345 1127 432 1212 quod
447 1128 604 1207 diximus,
619 1129 770 1193 Pantheo
782 1128 993 1207 comedente,
1009 1128 1157 1194 Plinium
1170 1129 1211 1194 de
1223 1149 1271 1207 se,
1282 1129 1341 1194 ubi

252 1233 285 1294 et
304 1228 437 1312 quaudo
460 1231 507 1294 sit
527 1237 687 1308 mortuus,
709 1230 884 1312 scripsisse
896 1233 1055 1296 testatori
1097 1230 1221 1296 Dicam
1235 1231 1341 1304 aliter,

252 1349 327 1413 quae
343 1330 407 1396 boc
421 1331 568 1396 secundo
587 1332 664 1396 loco
679 1330 721 1395 de
737 1330 849 1396 Plinio
865 1333 909 1394 ab
925 1331 1071 1400 Eusebio
1086 1330 1252 1407 dicuutur,
1267 1350 1341 1396 cer·

253 1431 335 1495 tiore
349 1439 540 1514 argumento
556 1451 577 1496 a
592 1431 746 1496 Pantheo
760 1431 796 1496 iu
812 1431 955 1496 Plinium
968 1430 990 1496 J
993 1432 1137 1496 uuiorcm
1149 1431 1261 1496 reterri
1275 1449 1341 1496 nou

252 1551 364 1615 posse,
385 1533 466 1616 qula
489 1532 605 1598 Senior
617 1532 757 1614 Trajani
777 1532 952 1614 imperium
966 1552 1033 1598 nou
1046 1533 1202 1614 attigerit,
1225 1534 1283 1615 qui
1298 1551 1341 1596 ne

252 1632 484 1699 Domitianum
507 1633 638 1716 quidem
661 1632 784 1697 viderit
807 1633 1033 1717 imperantem,
1054 1651 1154 1716 quam
1176 1653 1240 1714 ego
1267 1633 1341 1700 lraec

251 1733 365 1798 eadem
381 1735 423 1798 de
435 1733 457 1799 J
461 1736 575 1798 uniore
589 1733 679 1799 dicta
692 1753 758 1800 uon
768 1753 844 1799 esse
858 1734 1016 1800 affirmare
1030 1752 1182 1818 possum,
1195 1735 1286 1817 quod
1298 1736 1341 1814 is,

252 1837 309 1918 qui
334 1837 434 1900 nimio
460 1835 568 1901 studio
595 1855 757 1902 accensus
773 1836 918 1902 visendae
942 1837 1083 1920 propius
1098 1835 1243 1902 Vesuvii
1261 1855 1342 1901 cou-

251 1935 456 2020 tlagrationis
469 1937 651 2004 suffocatus
667 1945 730 2012 est,
755 1957 823 2004 uon
844 1939 1001 2005 extiterit·
1046 1937 1146 2016 Quod
1162 1957 1237 2003 cum
1252 1938 1340 2002 adeo

251 2047 367 2104 notum
383 2040 435 2117 sit,
457 2047 496 2105 ut
510 2059 578 2104 oon
591 2041 740 2123 indigeat
752 2040 982 2114 demonstrari,
1001 2044 1111 2106 tameo
1129 2058 1181 2117 ne,
1204 2040 1234 2104 si
1256 2039 1340 2118 quid

252 2139 295 2203 ad
315 2137 509 2207 firmandam
525 2159 662 2206 causam
677 2150 826 2208 nostram
839 2142 946 2206 facere
960 2141 1081 2225 possit,
1096 2141 1284 2222 neglectum
1304 2141 1341 2204 id

253 2259 346 2306 amc
368 2243 532 2320 videatur,
555 2245 617 2308 boc
634 2262 768 2327 quoque
790 2243 912 2307 addere
928 2243 1036 2307 visum
1054 2249 1124 2308 est:
1147 2261 1234 2306 auno
1246 2241 1342 2308 duo·

253 2341 384 2408 decimo
397 2344 535 2427 Trajani
558 2345 766 2429 principatus
790 2343 935 2407 Plinium
950 2342 1122 2408 Juniorem
1143 2361 1210 2408 non
1224 2344 1343 2410 deces-

253 2445 350 2522 sisse,
373 2465 418 2510 cx
443 2447 517 2530 ejus
532 2448 575 2513 ad
594 2446 806 2511 Hadrianum
827 2446 977 2529 Epistola
992 2463 1096 2527 posse
1111 2444 1342 2525 demonstrari,

253 2547 349 2630 cujus
374 2547 459 2611 alter
486 2543 689 2626 cousulatus,
710 2537 765 2613 bis
790 2546 957 2612 consulem
984 2548 1170 2611 enimcum
1192 2549 1344 2630 appellat

252 2646 397 2726 Plinius,
420 2651 454 2712 in
467 2655 650 2715 extremum
670 2649 807 2734 Trajaui
833 2647 963 2731 imperii
976 2667 1096 2711 aunum
1109 2645 1238 2725 incidit,
1254 2649 1343 2731 quod

252 2749 307 2810 bis
327 2750 442 2813 consul
462 2751 635 2835 imperium
649 2750 792 2832 adeptus
807 2749 908 2814 suerit
923 2755 1058 2812 auctore
1073 2747 1261 2831 Spartiauo,
1283 2751 1343 2816 sed

253 2851 309 2914 cui
322 2851 389 2916 Dio
401 2851 540 2918 Nicaeus
553 2853 760 2929 adversatur,
772 2853 922 2916 scribens
932 2849 1115 2934 Aproniani
1129 2851 1234 2932 patris
1250 2855 1340 2920 testi·

256 2954 377 3030 monio,
393 2955 451 3037 qui
468 2963 549 3032 tum,
563 2973 639 3018 cum
654 2953 838 3036 Imperator
852 2951 1046 3017 Hadrianus
1060 2951 1269 3018 denuntiatus
1279 2965 1344 3032 est,

255 3051 388 3118 Ciliciae
412 3063 565 3136 praecrat,
591 3053 670 3119 nibil
693 3073 768 3118 eum
789 3054 996 3137 praecipuum
1013 3073 1035 3117 a
1048 3051 1205 3137 Trajano,
1220 3062 1345 3136 praeter

255 3151 360 3236 Syriae
377 3156 623 3238 prefecturam,
639 3157 831 3222 obtinuisse.
876 3155 1046 3238 Utrosque
1065 3157 1176 3237 arguit
1189 3173 1343 3220 numurus

257 3255 365 3338 primo
382 3256 519 3341 Imperii
539 3258 704 3323 Hadriani
730 3279 815 3324 anno
839 3278 952 3332 cusos,
975 3277 1042 3340 quo
1055 3257 1247 3340 designatus
1263 3258 1343 3323 Coa.

257 3371 296 3418 ιι.
312 3357 442 3442 legitur.
487 3358 544 3423 Sic
558 3361 644 3424 enim
659 3360 778 3426 habet:

297 3523 378 3590 lMP.
401 3525 488 3572 ΟΜ.
512 3526 851 3575 alvimannum
870 3525 1342 3574 r.ntvt1trra.rt.uasrsrt0

254 3625 456 3674 annulatio
480 3626 565 3673 AVG·
591 3629 621 3674 P.
645 3631 683 3675 Μ.
706 3628 767 3677 Ta.
792 3627 870 3675 P0'l'.
894 3627 970 3676 008.
994 3625 1075 3674 DBS.
1100 3627 1140 3674 ll.

255 3759 333 3825 Hoc
349 3759 438 3826 idem
452 3761 589 3826 alterius
612 3782 744 3846 quoque
770 3762 894 3826 nummi
920 3769 955 3826 et
977 3761 1125 3844 autiquae
1151 3781 1343 3830 marmorea

252 3863 482 3946 inscriptionis
511 3863 700 3930 testimonio
723 3864 946 3942 continuatur,
969 3865 1001 3928 iu
1026 3863 1151 3946 quibus
1173 3865 1344 3928 tribunitia

187 3986 192 3995 ·
254 3971 408 4046 potestas
432 3963 510 4029 anui
525 3966 661 4030 secundi
677 3985 752 4030 cum
769 3966 918 4030 aecundo
933 3965 1109 4030 consulatu
1125 3963 1344 4047 conjungitur,

253 4073 288 4129 et
300 4068 376 4131 anni
391 4067 477 4131 tertii
493 4085 568 4130 cum
583 4067 679 4132 tertio
695 4066 882 4144 consulatu,
894 4064 988 4148 quod
998 4063 1069 4128 deri
1083 4083 1149 4129 non
1164 4083 1270 4148 posse
1284 4084 1344 4130 vo-

252 4166 305 4231 bis
326 4169 409 4232 satis
434 4167 644 4253 perspectum
662 4175 723 4248 cst,
747 4168 806 4236 ubi
821 4166 936 4232 consul
958 4163 1107 4232 mcuudo
1123 4165 1267 4250 adeptus
1282 4167 1345 4232 im-
