3054 4876
507 410 597 464 nar.
619 409 718 461 nrsr.
742 411 815 461 srn.
838 412 865 461 r.
1174 395 1240 464 leo

155 548 317 618 minusad
330 549 431 616 boc⁶⁹
449 553 650 634 pertinentia
664 553 739 636 ipse
754 553 895 618 censorii
913 551 1049 618 Catonis
1063 553 1166 618 verba
1179 573 1243 637 po·

155 671 253 718 narn:
284 660 323 716 ut
343 653 420 717 inde
441 662 616 736 apparent,
630 657 728 720 etiarn
752 650 875 720 Catoni
892 657 933 720 do
949 654 1108 722 Militari‘
1131 656 1244 722 Disci-

154 754 248 838 plina
269 756 543 832 commentantis
564 756 623 839 qui
645 757 707 820 sub
727 754 900 834 Africano,
914 758 1013 822 immo
1028 777 1106 822 vero
1129 765 1164 822 et
1178 757 1243 822 snb

156 853 352 918 Hannibale
383 855 556 921 didicisset
585 855 739 933 militaro,
776 865 813 920 et
845 877 886 921 ne
917 857 1134 923 Africanum*
1169 860 1244 942 qui-

159 956 235 1020 dem
271 955 355 1020 ferre
395 958 568 1038 potuisset,
601 958 659 1040 qni
696 958 877 1039 imperator
905 959 1103 1042 triumphum
1133 978 1245 1042 repor-

157 1055 290 1135 tasset,¹²
325 1065 463 1141 paratos
493 1057 599 1120 fuisse
632 1058 729 1133 istos,
762 1058 819 1140 qui
852 1059 1090 1123 obtrectatione
1125 1059 1244 1125 eliense

158 1159 312 1240 scientiae
335 1158 456 1221 samam
473 1159 539 1221 sibi
557 1163 776 1239 aucupantur.
823 1158 915 1236 Quid
939 1159 1025 1223 euim
1048 1161 1094 1222 ait
1111 1159 1145 1226 in
1164 1180 1204 1224 eo
1218 1167 1244 1208 ⁷¹

157 1261 350 1326 volumine't
393 1259 493 1323 ‘Scio
517 1277 581 1341 ego
606 1278 683 1342 quse
698 1247 835 1342 'scripta
860 1267 947 1336 sunt,
973 1261 1003 1323 si
1031 1259 1144 1342 polam
1170 1281 1246 1344 pro-

158 1481 261 1540 nrurn,
276 1461 335 1544 qui
349 1479 436 1528 verae
450 1460 559 1524 laudis
571 1467 727 1541 expertes
743 1467 829 1524 sunt
862 1460 985 1525 Eorum
1001 1477 1063 1542 ego
1080 1461 1247 1526 orationes

160 1563 234 1626 sino
249 1560 496 1644 praeterfluere!
505 1567 530 1609 ⁷³
576 1559 651 1624 Nec
674 1557 837 1625 Plancns¹
861 1561 1010 1644 illepide,
1028 1579 1102 1626 oum
1123 1561 1248 1625 dicore·

159 1670 213 1726 tur
233 1661 372 1726 Asinius
393 1662 504 1726 Pollio
523 1661 689 1728 orationes
712 1661 747 1724 in
768 1680 844 1725 eum
868 1679 992 1745 parare,
1014 1681 1090 1744 quaa
1112 1663 1247 1745 abipso

160 1771 218 1827 sut
239 1763 353 1827 liberis
375 1771 456 1845 post
480 1767 616 1826 mortem
641 1761 760 1826 Planci
786 1761 965 1840 ederentur,
985 1780 1026 1826 ne
1049 1763 1248 1845 respondere

160 1872 297 1948 posset:
320 1861 426 1928 ‘Cum
441 1863 582 1928 mortuis
595 1884 664 1928 non
679 1863 744 1926 nisi
756 1862 870 1927 larvas
882 1861 1023 1927 luctari?
1067 1863 1146 1941 Quo
1158 1863 1249 1928 dicto

162 1965 213 2029 sio
237 1965 441 2048 repercussit
465 1963 555 2040 illas,
570 1967 608 2026 ut
630 1963 719 2046 apud
742 1962 891 2026 eruditos
915 1963 997 2026 nibil
1022 1962 1248 2046 impudentius

156 2065 334 2148 judicetur.
377 2063 464 2147 Ergo
489 2065 597 2128 securi
619 2065 715 2127 etiarn
741 2071 862 2128 eontra
884 2063 1141 2144 vitilitigatores,
1162 2083 1250 2148 quos

161 2163 249 2230 Cato
272 2166 440 2246 eleganter
462 2184 505 2228 ex
528 2164 621 2228 vitiis
642 2169 675 2227 et
695 2163 922 2244 litigatoribus
947 2163 1135 2246 composuit
1152 2163 1249 2248 (quid

161 2264 247 2328 enim
262 2265 316 2329 illi
331 2265 422 2332 alind
439 2275 538 2348 quarn
554 2265 683 2346 litigant
697 2271 757 2327 unt
778 2263 873 2327 litem
888 2260 1085 2346 quaerenti)
1107 2281 1251 2346 exeque-

161 2369 272 2430 mnr⁷⁴
284 2366 414 2450 reliqua
429 2365 602 2448 propositi.
645 2364 735 2442 Quia
749 2363 1025 2448 occupationibus
1033 2369 1060 2412 ⁷⁵
1078 2365 1143 2428 tuis
1165 2363 1252 2447 pub-

162 2468 231 2532 lico
256 2467 348 2532 bono
373 2467 574 2550 parcendum
599 2473 681 2544 erat,
703 2465 785 2548 quid
810 2466 948 2548 singulis
969 2466 1192 2530 contineretur
1210 2464 1253 2528 li·

162 2569 232 2632 bris
241 2567 269 2616 ⁷⁶
283 2569 360 2632 hnic
376 2568 539 2651 Epistolae
555 2566 737 2650 subjunxi:
758 2585 951 2648 summaque
965 2584 1058 2644 cure,
1078 2584 1121 2630 ne
1140 2565 1253 2650 legen-

619 2730 648 2752 00
651 2729 753 2753 '''''
754 2731 799 2752 m

163 2837 295 2884 daun-ott
310 2832 384 2881 Idem
401 2831 494 2893 codex,
510 2831 609 2896 quand
620 2833 736 2881 tes.-t⁰
753 2831 834 2894 Regu.
855 2829 928 2878 Brot.
940 2833 964 2878 1.
976 2832 1000 2876 t.
1011 2832 1037 2877 o.
1057 2825 1218 2876 Ambrosias.
1231 2831 1255 2878 1.

165 2905 193 2947 et
205 2897 315 2946 londin
325 2897 485 2957 amasti,
502 2905 530 2945 ut
542 2895 663 2957 placebat
672 2894 802 2943 Tumebo.
828 2893 894 2954 Reg.
904 2893 979 2941 Brut.
988 2895 1013 2940 ἱ.
1023 2889 1184 2938 mnu.
1205 2890 1256 2940 Ed.
1300 2899 1304 2910 ·

165 2974 205 3025 pr.
218 2961 325 3010 Venett.
338 2961 412 3009 itum.
424 2960 513 3009 Parin.
523 2959 597 3008 Brix.
610 2960 726 3021 alioque,
739 2953 973 3006 comminati-tl
992 2954 1027 3003 As
1038 2959 1061 3002 te
1072 2954 1099 3001 s's
1109 2967 1135 3002 so
1143 2952 1256 3002 numen.

165 3027 231 3074 -tt
247 3023 360 3074 Turneb.
371 3032 398 3072 et
409 3022 468 3072 cod.
479 3036 522 3085 ap.
543 3023 637 3072 Dalec.
652 3023 693 3084 qai
708 3022 744 3071 its
757 3035 783 3070 re
798 3019 894 3083 probeat
905 3025 932 3068 st
943 3019 1051 3079 eligam
1066 3017 1213 3078 Rhenanus,
1229 3021 1256 3064 ut

165 3089 348 3136 mittent-tt
365 3087 454 3136 Codes
475 3087 636 3149 Dsleesrnpii
656 3093 684 3135 et
699 3083 815 3133 Turneb.
832 3083 880 3133 sibi
897 3087 1012 3146 pretereo
1021 3098 1030 3138 ,·
1047 3079 1080 3129 al.
1096 3079 1151 3138 ibi,-
1167 3081 1201 3128 al.
1213 3094 1256 3141 ap.

167 3152 259 3200 Dalec.
277 3151 371 3200 silentio
388 3154 575 3212 praterea-tt
593 3151 681 3198 Codex
700 3149 793 3198 Dalec.
812 3150 1024 3208 exemere-ss
1044 3143 1257 3205 Qsisniromp.

168 3213 253 3264 codex
264 3214 355 3264 Dnlec.
368 3222 396 3263 es
405 3218 533 3264 vett-iti
545 3213 553 3240 ‘
563 3213 674 3274 Singulis
680 3213 839 3262 matimnsr
849 3210 918 3259 tibris
929 3210 994 3258 bene
1007 3207 1072 3270 Reg.
1085 3212 1110 3257 1.
1120 3212 1144 3256 t.
1153 3209 1178 3255 o
1195 3205 1256 3256 Asn-

656 3353 764 3406 NOTAE

200 3455 264 3505 ‘De
282 3453 399 3518 Militare]
416 3453 508 3504 Libros
529 3452 563 3504 de
582 3451 693 3502 Militari
733 3448 892 3498 inimicorum
911 3444 999 3506 suisnl,
1017 3457 1122 3508 qnornnr
1136 3441 1256 3505 princeps

168 3531 318 3593 Disciplina
336 3530 469 3594 scripsisse
484 3529 608 3579 Catonern
626 3527 694 3576 bunc
733 3520 1041 3581 sensumsensurn,
1057 3517 1100 3582 qul
1118 3518 1177 3566 sivo
1195 3531 1258 3581 quo·

168 3607 297 3670 Majorsnr
317 3604 371 3654 siae
391 3605 552 3665 Camurium,
574 3609 694 3652 suctores
734 3612 784 3664 qne
796 3613 828 3647 eo
840 3597 961 3646 allatrare
972 3594 1028 3658 ejns
1038 3593 1207 3657 magnitudini
1219 3601 1259 3641 su·

169 3689 231 3732 sunt
243 3687 369 3744 praterea
379 3681 420 3731 st.
432 3680 559 3743 vegetius
568 3691 588 3728 ι.
600 3681 623 3728 8.
634 3690 694 3740 pag.
733 3673 795 3722 litus
807 3669 883 3721 erat!

170 3763 211 3809 1⁰.
230 3764 258 3807 et
274 3756 424 3806 Priscianus
443 3755 548 3805 tiburs.
567 3755 696 3817 papilio.
766 3746 778 3780 ¹¹
802 3742 967 3810 Rsportssset]
992 3742 1060 3793 Vide
1082 3741 1183 3791 Lirinus
1212 3741 1259 3793 lib.

169 3832 232 3883 Non
247 3837 288 3880 ast
308 3831 386 3894 igitur
405 3828 538 3878 'lernebus
552 3826 696 3877 audiendus
735 3835 833 3872 mss.
844 3835 904 3884 pag·
914 3823 971 3871 tlt.

170 3908 215 3973 qni
226 3907 275 3956 boc
286 3907 343 3956 loeo
354 3905 432 3968 legit:
450 3905 489 3954 De
506 3904 608 3953 militent
625 3902 696 3953 disei-
766 3896 773 3930 ¹
791 3897 842 3945 Nec
852 3894 968 3957 Plancus]
985 3895 1014 3943 1,
1031 3891 1165 3942 Munatius
1179 3891 1258 3940 Plan·

167 3983 234 4045 piiss
259 3979 427 4030 comminanti:
454 3977 525 4026 libris
551 3976 695 4040 prasertim
735 3986 790 4036 cns,
803 3973 910 4032 Orator,
921 3978 948 4019 et
963 3969 1032 4018 idem
1045 3967 1175 4017 Ciceronis
1187 3965 1259 4015 audl-

171 4055 291 4107 omuibus
303 4051 511 4117 praeferentibus,
522 4051 696 4100 sonnatsnti.
735 4055 786 4108 tor,
801 4047 845 4112 qni
862 4061 919 4096 cnm
937 4045 1041 4094 Caesare
1053 4043 1078 4092 in
1090 4041 1177 4092 Gallis
1193 4041 1260 4090 rnili-

203 4126 529 4190 stAsricnssa1Livtns
541 4126 557 4177 1.
570 4125 708 4177 muru(
735 4125 810 4176 tavit.
841 4125 882 4173 De
902 4122 991 4172 Asinio
1009 4120 1128 4170 Pollione
1145 4118 1258 4170 dicemus

90 4215 93 4222 ’
172 4209 301 4270 ΝΛΜ.
327 4203 441 4254 ‘Morte
456 4200 573 4252 Africani
590 4215 696 4252 crevere
736 4199 879 4251 inferiusiu
893 4194 1144 4249 Arrctosunrlndice.
