3006 4874
239 354 302 420 lot
665 361 895 412 rrsrruonm

581 559 684 638 Idem,
699 555 756 626 lib.
774 577 812 624 x.
828 581 905 644 cep.
920 557 973 626 1·2.

283 696 419 762 Librum
434 713 510 760 esse
526 693 714 762 Democriti
727 695 930 762 nobilissimi
945 695 1221 780 Philosophorum
1237 693 1279 760 de
1294 695 1329 758 vi

241 803 275 863 et
289 805 409 864 notura
422 797 670 876 chamaeleonis,
685 817 826 882 eumque
840 817 878 864 se
895 797 1028 880 legisse,
1045 797 1176 872 Plinius
1199 797 1328 862 Secun-

240 900 302 964 dus
316 900 350 966 in
366 899 541 964 Naturalis
555 897 716 964 Historiae
731 900 893 968 vicesimo
908 907 1028 968 octuvo
1043 900 1152 978 refert,
1172 901 1233 966 &c

284 1001 327 1066 Et
341 1005 417 1084 post
438 1019 569 1085 pauca:
859 993 862 1002 ’
912 1025 915 1032 ’
985 1041 1007 1064 κ,

285 1103 352 1171 His
365 1103 531 1190 portentis
545 1110 647 1188 utque
661 1101 844 1186 prestigiis
859 1122 882 1167 e
895 1101 1007 1168 Plinio
1023 1099 1178 1170 Secundo
1186 1101 1328 1186 ‘scriptis

240 1227 306 1276 non
320 1204 453 1288 dignum
469 1222 545 1269 esse
556 1223 736 1306 cognomen
752 1204 940 1270 Democriti
956 1211 1050 1287 puto,
1063 1205 1124 1267 &c

456 1405 466 1426 ·
553 1380 660 1458 Idem,
672 1379 733 1446 lib.
750 1379 1005 1466 xvrr.onp.15.

285 1500 353 1566 Sed
369 1500 572 1568 helleborum
587 1499 673 1565 sumi
687 1517 788 1583 posse
802 1499 969 1568 tutissime
985 1499 1020 1562 in
1034 1496 1144 1562 insule
1153 1493 1328 1578 Anticyra,
1467 1584 1471 1590 Ι

242 1603 373 1670 Plinius
387 1602 572 1680 Secundus,
585 1601 619 1665 in
634 1600 727 1665 libris
743 1600 918 1668 Naturalis
930 1600 1095 1665 Historiis
1111 1597 1258 1684 scripsit,
1269 1599 1329 1668 irc.

241 1705 332 1791 (Lib.
349 1721 445 1768 xxv.
467 1709 548 1772 sect.
563 1702 617 1768 21.
639 1707 674 1767 et
694 1701 763 1782 25.)

369 1839 586 1923 Augustinus,
600 1815 647 1905 eu'
658 1834 805 1907 crustu
819 1838 896 1916 nur,
910 1837 970 1902 nu.
986 1852 1052 1904 xv.
1067 1856 1144 1920 uuu.
1158 1833 1191 1904 o.

286 1958 416 2026 Plinius
438 1955 625 2033 Secundus,
639 1955 853 2022 doctissimus
874 1955 983 2034 homo,
998 1959 1124 2040 qunnto
1141 1951 1248 2034 magis
1261 1971 1331 2018 mn·

244 2061 363 2144 gisque
378 2059 529 2143 preterii
541 2056 658 2123 smculi
680 2077 857 2138 excursus,
872 2059 1001 2126 minore
1023 2075 1165 2142 corporo
1177 2060 1332 2122 naturum

243 2163 327 2228 serre
341 2167 490 2226 testetur.
520 2158 639 2245 (Libro
652 2159 807 2242 septimo,
824 2161 974 2270 sectione
986 2152 1247 2242 decimnsexte.)

430 2344 525 2413 Bedu
539 2343 581 2408 dc
596 2341 744 2410 Rutiono
759 2343 975 2430 Tomporum,
990 2362 1068 2428 cup.
1082 2342 1136 2408 28.

288 2463 422 2534 Plinius
447 2460 634 2540 Secundus,
647 2460 736 2527 idern
759 2459 882 2532 Orator
895 2469 930 2532 ot
941 2462 1181 2546 Philosophus,
1199 2462 1234 2530 in
1248 2461 1334 2528 libro

246 2563 395 2632 secundo
412 2563 587 2632 Naturalis
612 2562 795 2630 Historiaer
822 2568 833 2602 ‘
845 2565 905 2634 Sol
931 2561 1067 2644 cuum:
1088 2563 1210 2649 iuquit,
1239 2563 1333 2647 ‘ipso

246 2664 810 2750 quotuordiffeteutinshehet,'&o.

310 2854 430 2920 Petrus
452 2853 698 2939 Quiquereuus,
721 2852 913 2938 Episcopus
935 2851 1146 2934 Sencconsis,
1174 2852 1260 2920 lihro

512 2956 620 3041 primo
636 2957 679 3022 de
693 2955 852 3022 leudibus
864 2953 1064 3020 Provinciae.

289 3073 328 3139 (3.
339 3072 475 3138 Solinus
488 3073 639 3140 luborurn
651 3092 786 3139 snorum
795 3072 939 3158 jectum,
954 3073 1090 3157 otioque
1101 3092 1162 3138 suo
1170 3071 1243 3158 jem
1254 3073 1334 3138 ollnr

246 3175 384 3252 ebusus,
399 3174 496 3239 nohis
510 3175 664 3260 ullisque,
677 3175 799 3260 quihus
814 3174 855 3242 G.
873 3175 975 3240 Plinii
998 3175 1099 3259 copie
1122 3181 1185 3253 est,
1209 3177 1334 3259 impor-

247 3285 349 3344 tunus
370 3275 490 3342 illudit.
545 3275 619 3342 Noc
639 3273 676 3341 id
698 3295 809 3355 unum,
831 3295 909 3342 curn
932 3275 1079 3341 Plinium
1102 3292 1252 3360 quoque,
1274 3293 1336 3359 por

247 3397 348 3464 quem
361 3384 452 3443 totus
473 3377 625 3464 pmiecit,
638 3397 680 3444 ne
702 3379 848 3446 nominis
869 3376 1004 3464 quidem
1027 3377 1195 3443 mentione
1220 3378 1336 3462 digno·

247 3486 310 3558 tur,
324 3483 386 3544 duc.

291 3581 334 3646 Et
347 3601 427 3648 mcx
443 3584 563 3666 paucis
577 3582 778 3668 interjectisr

292 3683 363 3748 Hic
391 3683 637 3768 deprehendero
666 3690 719 3748 est
747 3683 952 3768 quorundum
986 3682 1190 3748 medicorum
1219 3703 1337 3769 procu·

248 3783 397 3863 citatem,
426 3784 484 3870 qui
520 3784 657 3851 tehilico
684 3785 791 3851 livore
822 3785 975 3868 portenti,
1013 3783 1337 3870 c.1²liuiiquuma·

244 3887 400 3972 jestntem
422 3885 577 3969 sugillare
598 3887 757 3968 aggressi,
788 3884 888 3971 (libet
910 3885 999 3954 enim
1024 3886 1087 3952 riri
1111 3887 1268 3956 manibus
1293 3889 1337 3958 de

248 3988 434 4053 mortalium
468 3986 640 4073 republica
677 3990 760 4054 bene
796 3989 906 4054 meriti
945 3987 1092 4072 peucnlu
1128 3986 1205 4054 hnc
1235 3992 1338 4056 verbo

249 4087 354 4172 dare)
376 4089 586 4156 [dioscoridis
614 4091 854 4170 auctoritatem,
883 4091 972 4157 velut
1002 4077 1214 4174 Pythagorici
1237 4107 1334 4157 snum

250 4191 332 4266 αὐτὸς
352 4189 413 4276 ἔφη,
427 4192 512 4258 unde
534 4191 734 4259 obtendunt:
757 4197 794 4258 ut
814 4193 946 4262 interim
968 4211 1036 4270 nou
1060 4189 1211 4274 trucium
1227 4194 1340 4280 ducto¹
