3006 4874
256 383 319 448 138
599 399 647 445 ns
670 399 701 444 c.
724 397 842 444 rnrnrr
870 397 1007 445 esrum

257 563 318 626 gas
341 541 620 626 peregrinationes
644 561 720 607 esse
748 541 902 624 putabat,
918 548 987 605 tam
1010 541 1103 606 sacili
1127 547 1261 627 tamque
1286 553 1346 607 ex-

256 647 387 730 plorata
409 645 618 726 navigatione
647 665 742 720 usus,
760 664 818 709 cnr
844 644 877 706 in
908 643 1038 709 Indiam
1069 663 1134 708 uon
1163 647 1347 709 transmisit

257 745 487 822 Dioscorides,
511 753 571 808 aut
586 746 619 806 in
636 745 825 826 proximam
843 745 959 808 saltem
975 744 1137 810 Arabiam
1152 765 1216 812 nun
1241 749 1347 812 tenuit

258 866 401 924 cursum,
428 855 464 912 ut
485 847 533 911 ibi
554 847 759 911 nascentium
783 845 925 920 Cassiae,
954 845 1091 921 Thuris,
1121 846 1345 924 Cardamomi,

257 946 364 1025 Gusti,
390 946 564 1031 Agalochi,
590 953 623 1012 et
647 947 806 1011 Caucami
831 947 963 1029 plantas
992 947 1177 1030 posteritati
1206 949 1347 1012 traderet

257 1051 446 1115 accuratius
472 1050 667 1132 descriptas,
683 1068 744 1113 nec
767 1048 873 1113 Costo
895 1067 1011 1131 pamm
1027 1050 1160 1130 cognito
1174 1049 1345 1131 ignotioris

257 1149 323 1212 sibi
338 1149 471 1232 Piperis
485 1148 632 1215 radicem
647 1149 788 1212 similem
801 1149 949 1214 lacerati
994 1149 1116 1234 Neque
1131 1150 1193 1214 huc
1204 1169 1245 1214 eo
1259 1169 1281 1213 a
1294 1168 1347 1211 me

257 1249 325 1314 dici
339 1251 532 1314 existimare
549 1251 637 1329 volo,
653 1270 714 1314 vus
733 1251 867 1328 Patres,
884 1251 979 1333 qnasi
995 1253 1122 1335 scripta
1134 1251 1346 1315 Dioscuridis

257 1353 450 1435 improbem,
468 1371 507 1416 ac
528 1352 692 1429 damnem,
707 1360 741 1416 et
754 1354 817 1416 laus
830 1353 1034 1418 lectissimus
1054 1352 1284 1417 adolescentes
1302 1352 1345 1414 ab
1437 1363 1439 1371 ’

256 1453 331 1537 ejus
353 1453 495 1517 lectione
519 1451 734 1517 deterrendos
759 1461 863 1535 atque
887 1453 1086 1518 avertendus
1108 1459 1232 1535 putem,
1247 1471 1345 1535 quam

257 1553 385 1637 alioqui
413 1555 518 1637 probo
552 1573 625 1617 cum
651 1552 790 1628 Gneno,
820 1561 857 1616 et
878 1554 1085 1630 commendo,
1107 1553 1346 1634 historiamque

258 1654 443 1738 plantarum
456 1655 611 1719 omnibus
627 1652 786 1718 studiosis
808 1653 940 1731 utilem,
954 1654 1130 1719 medicinae
1146 1672 1226 1718 raro
1240 1652 1347 1717 danti-

258 1755 323 1819 bus
343 1774 480 1837 uperam
496 1775 566 1839 praa
583 1775 636 1820 me
650 1754 720 1819 lero
734 1754 834 1819 etiam
849 1755 1072 1820 necessariam
1087 1773 1182 1818 csse:
1205 1759 1241 1818 ut
1252 1755 1346 1818 insti-

258 1862 383 1920 tueram
407 1855 529 1935 dicere,
555 1858 628 1921 hnc
653 1877 694 1920 eu
717 1877 782 1920 non
807 1857 897 1933 dico,
926 1864 965 1921 nt
989 1856 1225 1920 Dioscuridom
1251 1854 1346 1920 dam*

257 1975 342 2034 nem,
364 1957 423 2022 sed
456 1959 545 2041 qnod
569 1960 722 2040 suscepti
752 1959 852 2022 Plinii
879 1957 1056 2040 patrocinii
1085 1977 1204 2022 munus
1233 1957 1345 2022 absul-

258 2075 346 2136 vam,
374 2059 465 2140 quod
493 2079 568 2123 cum
599 2060 847 2124 existimatione
873 2058 1083 2125 Dioscuridis
1108 2062 1154 2124 ita
1189 2058 1346 2142 cunjunc-

258 2162 326 2222 tum
348 2168 412 2238 est,
442 2166 480 2224 nt
511 2179 554 2224 ea
582 2161 710 2242 integra
735 2168 900 2236 manente,
934 2161 1064 2225 Plinius
1092 2161 1127 2224 in
1147 2159 1263 2224 frande
1283 2179 1346 2224 non

259 2257 534 2342 deprehendatur,
559 2267 592 2324 et
622 2261 751 2325 unllam
781 2261 856 2343 ejus
891 2262 971 2326 furti
1002 2261 1137 2345 culpam
1165 2262 1263 2326 lateri
1291 2281 1347 2326 ne-

258 2378 352 2424 cesse
367 2361 421 2426 sit.
465 2360 600 2439 Quibus
622 2361 694 2445 jam
720 2361 865 2444 rejectis,
889 2368 922 2427 et
948 2362 1024 2427 furti
1049 2363 1182 2428 sublato
1202 2365 1347 2442 crimine,

260 2461 390 2544 reliqua
403 2461 481 2540 duo,
496 2464 638 2528 inscitia
652 2482 692 2527 ao
708 2463 926 2546 negligentiae,
942 2483 1018 2548 quae
1033 2465 1097 2529 hoo
1111 2465 1215 2530 veluti
1229 2464 1349 2530 lunda·

259 2568 372 2626 mento
395 2562 594 2641 nitebantur,
617 2562 756 2644 longiori
777 2566 924 2630 oratione
938 2565 980 2630 ad
1003 2565 1191 2630 diluendum
1212 2585 1277 2630 uon
1299 2568 1349 2632 vi·

260 2661 375 2727 dentur
388 2663 548 2746 indigere.
594 2661 714 2748 Neque
736 2667 823 2731 enim
845 2667 956 2732 dicam
971 2669 1119 2748 ingentes
1135 2668 1236 2733 Plinii
1250 2689 1348 2734 occu-

259 2763 415 2846 pationes
439 2765 586 2847 aliquam
607 2765 729 2830 habere
750 2770 1013 2846 excusationem,
1029 2787 1130 2853 quam
1153 2789 1272 2854 aequus
1292 2771 1347 2851 ju·

259 2863 325 2928 dex
345 2865 446 2930 facile
471 2867 629 2949 accipiat,
644 2868 878 2933 necessitatem
903 2870 1116 2954 Imperatoris
1144 2869 1347 2955 Vespasiani

260 2973 337 3030 ante
352 2968 459 3030 lucem
483 2966 635 3043 adeundi,
659 2975 693 3032 et
714 2970 854 3034 interdiu
871 2970 1011 3053 delegati
1034 2972 1100 3036 sibi
1122 2969 1223 3035 officii
1245 2972 1349 3038 admi·

260 3065 431 3131 nistrandi.
478 3066 557 3131 Non
571 3069 681 3134 dicam
697 3069 842 3136 inscitiae
854 3072 967 3148 etiam,
979 3073 1008 3136 si
1023 3091 1089 3155 qna
1102 3081 1200 3150 osset,
1215 3074 1348 3158 culpam

261 3167 294 3230 ei
308 3185 384 3230 esse
397 3167 633 3251 objiciendam,
648 3171 707 3252 qui
728 3177 840 3247 noctu,
856 3174 912 3256 qui
935 3173 969 3236 in
983 3174 1113 3249 itinere,
1128 3175 1187 3258 qui
1202 3177 1234 3239 in
1251 3177 1348 3254 bello,

261 3277 294 3334 et
315 3268 491 3333 scribendo
513 3268 733 3347 meditaretur,
746 3276 778 3335 et
800 3278 930 3338 curaret
952 3274 1211 3352 annotantem
1235 3277 1348 3354 multa,

262 3388 361 3453 quam
390 3371 521 3434 Plinius
550 3369 671 3434 Junior
707 3370 796 3437 datis
825 3374 868 3436 ad
899 3373 1049 3440 Marcum
1080 3375 1184 3440 literis
1212 3383 1350 3442 testatur
1387 3411 1389 3416 ·

263 3471 464 3534 avunculum
478 3473 629 3554 ,scriptis
643 3475 868 3554 consignasse,
885 3495 982 3559 quem
995 3478 1059 3541 boc
1077 3478 1223 3560 numine,
1244 3499 1349 3563 quan-

261 3579 331 3634 tum
346 3570 436 3634 inse
459 3577 522 3644 est.
545 3573 624 3636 nihil
645 3575 766 3648 minus,
783 3595 885 3657 quam
910 3577 1080 3643 inscitiam
1102 3597 1245 3657 amasse,
1259 3587 1293 3646 et
1314 3584 1350 3646 in

261 3688 304 3736 ea
317 3689 455 3754 peccare
470 3672 618 3737 voluisse
642 3681 784 3741 constat.
828 3677 869 3741 Iu
881 3697 981 3761 quam
999 3698 1062 3743 non
1077 3678 1240 3745 adhibebo
1259 3683 1351 3748 simi·

262 3771 326 3835 lem
349 3771 613 3851 excusationem,
637 3793 699 3838 neo
721 3776 932 3842 confessione
953 3781 1160 3844 excusabilis
1183 3783 1295 3864 cnlpae
1317 3785 1350 3848 in

262 3873 325 3937 hac
350 3889 455 3936 causa
482 3875 599 3938 tuebor
628 3875 776 3940 Plinium
801 3885 964 3943 nostrum.
1021 3879 1108 3944 Nam
1138 3884 1282 3950 inscitiae
1309 3907 1349 3952 ac

263 3973 471 4057 negligentiae
485 3993 621 4054 causas,
644 3995 730 4060 quus
745 3977 925 4045 adversarii
941 3991 1202 4064 praetexuerant,
1218 3987 1352 4052 infirmi-

264 4079 333 4138 tate
353 4074 559 4141 fundamenti
574 4079 744 4157 racillare,
767 4089 825 4148 aut
840 4085 953 4164 potius
966 4085 1076 4149 nullas
1089 4105 1176 4163 esse,
1192 4090 1268 4170 ipsa
1282 4091 1351 4156 Pli-

265 4174 313 4240 nii
330 4175 525 4258 innocentia,
536 4185 570 4246 et
589 4182 763 4265 responsio
778 4192 893 4250 nostra
918 4193 1032 4252 notum
1057 4186 1153 4252 saciet
1178 4197 1279 4274 atque
1293 4192 1351 4257 de·
