3006 4874
252 379 316 444 106
592 395 640 443 nn
664 395 694 442 c.
720 395 836 442 eursu
864 395 1003 443 sensis
1061 399 1064 406 ·

253 536 379 620 scripta
392 537 426 601 in
441 553 523 600 suos
537 535 641 600 libros
659 537 898 614 transtulisset,
913 537 1005 602 nulle
1017 539 1141 603 ratione
1156 538 1263 612 lueret
1278 553 1352 604 ex·'

252 638 404 720 petendo.
447 636 572 700 Verum
591 637 764 702 redeamus
787 638 830 703 sd
853 637 1111 703 confirmandam
1134 640 1337 723 conjecturis

254 738 442 820 opinionem
466 743 621 814 nostrum,
644 739 858 803 ostendentes
880 739 1059 803 verisimile
1080 759 1145 804 non
1167 761 1244 805 esse
1268 742 1337 805 Pli-

252 840 343 902 nium
358 858 402 903 ex
418 839 617 904 Dioscoride
633 858 795 923 nusquam
810 833 987 904 nominato
997 841 1175 924 quicquam
1189 842 1338 925 descrip-

253 940 350 1018 sisse,
373 959 395 1004 e
415 959 570 1024 personse
591 941 664 1024 ejus
682 941 734 1004 vel
753 961 829 1024 quae
845 942 1015 1007 scribebat
1033 941 1204 1024 dignitate,
1221 944 1275 1006 vel
1295 942 1337 1007 ed

253 1059 354 1122 quam
376 1042 581 1106 scribebatur
601 1042 786 1125 majestate,
801 1043 979 1125 auspicati.
1022 1043 1066 1108 Si·
1078 1063 1219 1126 nemque
1235 1043 1337 1108 Plinii

253 1143 534 1207 existimationem
549 1145 820 1227 spectaverimus,
837 1144 1254 1228 sidiligenterunteectem
1264 1144 1336 1227 ejus

254 1243 353 1306 vitam
374 1243 569 1320 intueamur,
584 1244 656 1328 jem
677 1250 746 1307 tum
763 1263 837 1308 cum
854 1245 1041 1312 Historiam
1058 1246 1255 1311 Naturalem
1271 1245 1337 1310 lm·

254 1344 395 1424 peretori
413 1346 635 1428 nuncupabat,
657 1345 817 1410 doctrinae
835 1346 991 1429 opinione
1017 1354 1050 1412 et
1068 1347 1250 1411 bonoribus
1263 1355 1336 1412 tan·

253 1451 321 1510 tum
337 1445 533 1528 proiecerat,
548 1453 584 1510 ut
599 1448 664 1512 sibi
680 1448 804 1529 potius,
826 1466 868 1512 ne
887 1456 1016 1530 partem
1033 1448 1169 1530 gloriam
1184 1448 1335 1531 improbo

252 1545 364 1629 aliquo
389 1545 480 1611 fecto
500 1548 706 1631 inquinatum
727 1553 827 1631 etque
848 1549 1012 1632 pollutam
1035 1551 1070 1613 in
1093 1569 1188 1613 omne
1205 1557 1335 1633 tempus

253 1650 454 1724 obscuraret,
475 1649 655 1712 curandum
675 1657 775 1725 esset,
791 1668 890 1731 quem
911 1649 954 1712 ed
975 1669 1079 1715 noves
1093 1649 1212 1714 leudes
1235 1658 1335 1732 etque

251 1747 392 1812 bonores
411 1767 517 1812 novos
540 1750 794 1833 consequendos
809 1752 938 1814 animus
956 1751 1187 1834 adjiciendum
1210 1752 1335 1834 quippo

250 1849 362 1932 plnres
371 1869 450 1914 suas
458 1851 704 1915 lucubrationes
710 1851 781 1935 jem
791 1851 1078 1933 edidissetmeguo
1088 1852 1207 1935 plausu
1214 1871 1336 1933 excep-

251 1957 316 2027 tes,
328 1970 369 2014 ec
379 1951 684 2032 summediligentia
694 1952 913 2035 conquisitas,
928 1952 1032 2016 libros
1043 1973 1130 2036 quos
1145 1951 1336 2016 ‘deonn-
1374 1981 1378 1987 ·

250 2051 386 2116 neticu'
398 2054 430 2116 in
442 2051 636 2134 praeletione
647 2059 868 2138 rocat,etque
880 2054 1072 2136 alios,quos
1083 2051 1205 2118 ibidem
1217 2054 1333 2129 innuit,

249 2153 423 2236 inquiens:
451 2155 547 2218 ‘Nec
560 2154 613 2218 bis
629 2156 715 2220 solis
729 2157 811 2219 meis
822 2154 927 2218 multe
939 2154 1041 2238 edjici
1055 2173 1154 2238 posse
1166 2153 1333 2230 confiteor,

249 2253 308 2318 sed
321 2261 356 2317 et
367 2256 531 2331 omnibns,
544 2275 620 2337 quer
633 2256 739 2322 edidi'
768 2255 930 2335 Quorum,
941 2263 980 2319 nt
992 2256 1141 2332 arbitror,
1154 2255 1286 2318 nomine
1297 2253 1335 2318 li·

249 2355 343 2418 brom
359 2354 645 2422 ‘deJeculetione
660 2357 836 2442 Equestri'
851 2357 1023 2430 intellexit,
1038 2355 1117 2420 dum
1134 2356 1334 2438 ‘praefectus

249 2455 313 2520 sle
322 2455 491 2532 militaret,
505 2458 577 2542 peri
592 2459 737 2541 ingenio,
754 2457 924 2542 cumque,'
938 2464 976 2522 ut
988 2455 1247 2522 PliniusJunior
1257 2475 1333 2521 enc-

249 2561 301 2632 tor
314 2563 380 2631 est,
404 2559 665 2640 ‘compositum
686 2559 772 2623 duos
787 2560 830 2624 de
841 2560 912 2623 vite
928 2557 1109 2640 Pomponii
1123 2557 1282 2634 Secundi,
1290 2557 1332 2620 de

248 2655 338 2721 bello
353 2656 556 2722 Germanico
571 2659 701 2740 viginti'
716 2660 902 2736 inchoatos,
918 2677 995 2723 cum
1010 2659 1044 2721 in
1058 2656 1237 2722 Germanis
1248 2657 1333 2720 mili-

248 2763 347 2835 taret,
360 2761 377 2804 1‘
389 2757 564 2822 studiosos
577 2758 667 2836 tres:
680 2767 716 2823 et
738 2771 746 2792 ·
761 2761 863 2824 Dubii
875 2757 1046 2823 Sermonis
1062 2756 1160 2820 octo'
1175 2758 1333 2820 extremis

248 2857 394 2922 Neronis
409 2859 502 2922 ennis
517 2861 733 2943 conscriptos,
747 2879 831 2944 quos
845 2860 1016 2924 non-setis
1037 2858 1254 2924 coustitutum
1277 2859 1333 2923 be·

248 2960 322 3034 beo,
346 2979 388 3023 en
412 2961 478 3024 sint
500 2961 717 3026 Grammatici
742 2963 785 3026 eb
809 2981 851 3025 eo
866 2961 989 3038 vocati,
1006 2978 1081 3025 cum
1097 2965 1106 2994 ‘
1123 2959 1273 3023 Studiosi
1288 2961 1332 3023 eb

247 3061 479 3138 incunabulis,'
495 3061 602 3145 inquit
615 3060 638 3126 J
641 3063 745 3138 unior,
762 3060 960 3125 ‘oratorem'
976 3059 1151 3124 informent
1161 3067 1261 3142 etque
1275 3060 1333 3124 eb·

248 3161 390 3239 solvont,
415 3180 605 3244 quemquem
625 3181 667 3226 ex
686 3162 828 3244 hisquae
844 3181 864 3226 e
880 3160 1011 3225 cerisio
1025 3160 1332 3243 scribuntur,plurs

246 3265 281 3326 in
292 3262 343 3326 bis
355 3264 548 3346 legerentur,
561 3282 638 3346 queo
651 3262 694 3326 sd
707 3263 949 3326 institutionem
963 3262 1212 3343 grammaticum
1228 3263 1332 3345 perti«

246 3373 373 3429 nerent.
399 3365 436 3428 Si
446 3367 659 3446 magistratus
674 3370 786 3430 eutem
802 3381 858 3448 per
872 3382 950 3428 eum
965 3371 1089 3446 gestos,
1101 3364 1130 3427 si
1142 3361 1330 3448 dignitates,

247 3483 287 3528 ec
302 3464 443 3528 bonores
459 3472 660 3528 consecutos
673 3467 842 3548 quaeratis,
857 3464 979 3542 audite,
994 3463 1073 3548 quid
1088 3465 1130 3529 de
1146 3465 1188 3528 iis
1202 3465 1331 3531 Plinius

245 3561 363 3628 Junior
384 3563 418 3628 in
435 3563 591 3647 Epistola
606 3565 650 3629 ed
666 3567 815 3630 Marcum
834 3567 953 3649 paucis
975 3565 1088 3630 dicet:
1111 3564 1332 3632 ‘Decessisse

247 3683 334 3732 enno
350 3671 460 3741 sexto,
480 3671 513 3729 et
525 3668 813 3750 quinquagesimo,
829 3668 975 3733 medium
995 3673 1124 3752 tempus
1140 3664 1330 3744 distentum,

244 3764 516 3849 impeditumque,
543 3786 611 3849 que
633 3768 751 3834 officiis
775 3769 942 3848 maximis,
966 3789 1033 3853 que
1047 3769 1194 3834 amicitie
1209 3769 1330 3851 princi·

243 3885 324 3949 pum
335 3863 464 3948 egisse!
505 3864 662 3949 Etpeulo
677 3877 775 3952 post:
798 3871 895 3933 ‘Tibi
910 3870 1096 3935 recordanti
1112 3877 1270 3952 quantum
1283 3871 1331 3934 le·

245 3969 338 4049 gerit,
350 3971 510 4051 qnantum
520 3969 703 4052 scripserit,
713 3989 819 4034 nonne
831 3970 970 4048 ridetur,
981 3990 1045 4036 nec
1060 3973 1093 4035 in
1106 3969 1223 4036 officiis
1237 3971 1329 4048 ullis,

244 4083 311 4132 noe
329 4070 363 4132 in
386 4069 535 4134 amicitia
557 4070 742 4154 principum
756 4071 897 4137 fuisset'
912 4111 916 4118 ·
934 4071 1106 4150 Quantum
1119 4079 1232 4137 autem
1249 4072 1330 4138 emi·

246 4167 330 4233 citio
343 4171 432 4253 epud
442 4171 679 4255 Imperatorem
692 4179 818 4255 posset,
830 4191 896 4239 uno
908 4173 981 4250 boc,
990 4181 1023 4238 et
1035 4172 1170 4256 quidem
1182 4175 1332 4240 maximo·
