3016 4876
256 379 299 445 58
594 399 642 448 nn
666 399 698 448 c.
722 399 841 448 rurum
867 398 1005 448 rarum

256 542 517 636 possum-,enjus
531 542 633 606 immo
647 543 806 606 misereor
820 549 855 606 et
869 542 970 607 doleo
986 543 1160 625 plurimum
1178 538 1338 605 conditio·

255 643 321 718 nis,
335 643 425 724 quod
439 661 523 706 onus
537 648 663 707 tantum
679 661 784 706 senex
808 643 963 719 subieris,
977 661 1044 725 quo
1059 641 1184 705 nullum
1199 650 1256 705 aut
1270 659 1338 704 mo-

256 739 378 806 lestius
405 748 463 806 aut
484 744 704 825 periculosius
727 761 802 806 esse
825 741 960 825 potest!
1003 742 1152 808 Eundem
1174 741 1339 825 Capitoli·

255 861 319 906 nus
341 844 374 907 in
389 843 471 919 Vita
490 844 621 928 nepotis
635 843 798 908 Antonini
819 845 874 908 bis
888 845 1056 908 consulem
1071 843 1176 909 luisse
1192 861 1337 907 comme·

255 951 374 1021 morat,
401 944 564 1028 Asiaeque
587 945 833 1028 proconsulem,
863 945 982 1009 nemini
1009 946 1042 1008 in
1067 963 1109 1009 ea
1130 945 1339 1027 gubernanda

256 1044 441 1127 prudentia,
459 1053 519 1110 aut
542 1047 743 1128 integritate,
766 1045 986 1129 praeterquam
1008 1045 1121 1128 nepoti
1146 1045 1338 1127 imperatori

256 1145 452 1226 secuudum,
468 1166 509 1212 ac
530 1164 659 1210 morum
673 1146 848 1210 sanctitate
861 1147 1031 1229 insignem.
1074 1145 1223 1212 Alterum
1240 1165 1337 1229 porro

255 1248 466 1311 consulatum
482 1248 578 1312 annis
599 1254 680 1329 post
699 1247 841 1329 primum
860 1263 989 1311 xxvrr.
1004 1249 1076 1312 iniit
1090 1249 1123 1311 in
1147 1245 1241 1311 initio
1255 1247 1290 1311 N
1291 1265 1339 1311 er·

254 1365 307 1412 vae
323 1347 551 1432 principatus,
574 1369 642 1433 qno
663 1367 744 1412 sane
766 1355 914 1432 tempore
929 1355 1030 1414 aetate
1055 1348 1239 1432 principem
1262 1367 1338 1412 eum

254 1446 360 1511 luisse
394 1448 541 1514 civitatis
569 1449 694 1514 nullam
718 1451 967 1514 admirationem
997 1450 1107 1520 babet.
1162 1447 1248 1527 Quae
1279 1448 1338 1530 qui

255 1565 331 1613 cum
345 1548 396 1612 his
416 1551 601 1629 contulerit,
616 1571 690 1633 qum
713 1551 756 1615 de
776 1549 949 1616 Hadriano
967 1550 1040 1616 ‘dici
1060 1552 1269 1625 videbantur,
1284 1567 1340 1612 ea·

255 1649 327 1715 dem
344 1668 418 1714 esso
438 1651 617 1734 judicabit,
632 1672 691 1716 nec
707 1653 798 1737 quod
815 1651 948 1718 Plinius
962 1671 1050 1730 enm,
1065 1653 1123 1736 qui
1146 1649 1351 1720 Hadrianus

254 1751 360 1816 luisse
376 1753 508 1834 legitur,
531 1755 566 1819 in
582 1753 884 1839 Epigrammatibus
901 1773 941 1818 ac
957 1753 1084 1819 lambis
1099 1751 1228 1818 Graecis
1253 1751 1337 1815 adeo

256 1853 456 1918 excelluisse
479 1855 638 1937 prodidit,
659 1863 695 1922 ut
708 1855 964 1933 Callimachum,
983 1855 1039 1919 vel
1054 1854 1227 1918 Herodem
1243 1872 1339 1937 supe·

253 1962 353 2032 rarat,
369 1954 404 2018 id
423 1954 591 2022 Antonino
612 1958 815 2036 adversatur,
832 1959 926 2042 cujus
945 1955 1035 2020 idem
1058 1957 1144 2020 libro
1170 1953 1339 2039 Epistola-

253 2075 325 2119 rum
350 2059 464 2140 quinto
490 2078 604 2124 versus
628 2061 776 2142 pluribus
796 2059 997 2136 nominibus,
1023 2064 1140 2142 quarto
1167 2076 1244 2121 vero
1260 2055 1340 2139 Epi·

254 2166 439 2238 grammata
467 2159 590 2226 Graeca
618 2161 754 2226 totidem
780 2159 999 2225 commendat.
1043 2158 1186 2222 Missam
1216 2157 1268 2221 bis
1297 2156 1339 2222 de

254 2259 368 2324 causis
384 2260 473 2325 lucio
488 2261 574 2326 hanc
590 2263 788 2346 Epistulam,
803 2281 879 2346 quoe
891 2261 999 2325 verius
1015 2257 1134 2323 ‘Arrio
1149 2257 1338 2336 Antonino,'

254 2378 353 2443 qnam
376 2360 562 2427 ‘Adriano'
583 2365 707 2448 scripta
720 2373 785 2442 est,
801 2371 835 2428 et
853 2363 916 2426 hoe
931 2361 1115 2426 certissimo
1135 2366 1337 2442 argumento,

254 2459 399 2526 Plinium
419 2461 593 2529 Iuniorem
617 2485 703 2530 anno
725 2464 856 2549 imperii
886 2463 1022 2546 Trajani
1044 2461 1243 2526 duodecimo
1265 2468 1339 2526 tau·

253 2569 324 2625 tum
339 2564 469 2641 abesse,
484 2571 521 2628 ut
536 2573 719 2632 extremum
739 2566 828 2631 diem
851 2565 979 2639 obierit,
993 2562 1145 2640 ostendo,
1161 2569 1198 2626 ut
1223 2581 1264 2626 ne
1278 2563 1339 2626 im·

253 2671 390 2746 perante
415 2667 547 2749 qnidam
572 2668 645 2751 ejus
669 2674 767 2732 sexto
791 2669 979 2742 consulatu,
1006 2665 1062 2748 qui
1088 2665 1123 2727 in
1141 2683 1262 2728 annum
1278 2664 1339 2728 im-

251 2765 336 2847 perii
351 2773 504 2848 quartum
518 2769 685 2834 decimum
699 2770 830 2845 incidit,
847 2768 1035 2851 migraverit
1058 2785 1077 2830 e
1100 2766 1188 2830 vita:
1212 2766 1338 2848 quippe

255 2869 312 2948 qui
340 2869 423 2932 libro
454 2867 682 2952 Epistularum
707 2871 850 2936 secundo
878 2870 919 2934 ad
946 2869 1124 2934 Arrianum
1153 2868 1280 2944 scribit,
1302 2887 1339 2932 se

248 2966 383 3049 jussum
402 2989 478 3034 cum
494 2970 644 3037 Cornelio
666 2973 788 3037 Tacito
811 2971 904 3036 Afris
927 2968 1059 3035 affuisse
1085 2968 1230 3033 Marium
1250 2968 1340 3032 Pris-

255 3087 332 3133 cum
347 3073 593 3150 accusantibus,
609 3075 668 3157 qni
679 3074 860 3157 proconsul
875 3072 918 3136 iis
940 3069 1136 3153 prefuerat:
1155 3069 1339 3134 interfuisse

254 3176 365 3234 autem
393 3172 530 3237 Tullum
557 3174 724 3239 Cerealem
746 3175 852 3239 virum
876 3171 1107 3249 Consularem,
1138 3171 1338 3255 presedisse

254 3271 490 3355 Imperatorem
506 3281 574 3338 tum
586 3277 757 3340 consulem
771 3274 966 3358 plenissimo
980 3273 1117 3349 Senatu,
1132 3281 1243 3337 actam
1258 3291 1339 3336 cau-

253 3393 325 3438 sam
351 3375 512 3441 lanuario
542 3396 668 3442 mense.
712 3375 864 3442 Ceterum
892 3373 1015 3439 Tutius
1040 3373 1187 3437 Cerealis
1211 3371 1338 3438 Consul

253 3495 329 3539 curu
344 3475 530 3542 Commodo
546 3499 630 3544 anuo
644 3479 779 3562 Imperii
792 3476 930 3560 rl¹rnjaui
942 3494 1029 3540 nouo
1040 3475 1131 3538 iniit:
1155 3475 1338 3558 Imperator

254 3593 334 3640 vero
349 3585 428 3659 post
442 3580 592 3660 quintum
609 3581 829 3657 consulatum,
847 3597 944 3662 quam
964 3583 1040 3642 ante
1056 3575 1228 3641 Cerealem
1251 3573 1335 3640 Gon·

253 3677 357 3742 sulem
371 3687 526 3760 gesserat,
544 3688 676 3747 sextum
693 3701 757 3747 non
772 3682 847 3746 iniit
861 3687 937 3746 ante
951 3697 1068 3743 annum
1081 3683 1232 3760 quartum
1246 3676 1340 3741 deci·

252 3797 356 3856 mum,
373 3799 440 3862 quo
456 3783 654 3864 praesedisse
680 3784 797 3867 potnit,
815 3795 849 3847 et
869 3781 1011 3846 Plinium
1037 3779 1264 3844 vehementius
1287 3778 1338 3842 di·

252 3881 360 3948 cendo
373 3883 541 3948 incensum
555 3904 615 3967 per
631 3885 780 3950 libertum
796 3891 886 3949 retro
901 3889 1038 3946 stantem
1052 3880 1238 3956 admonere,
1248 3878 1338 3962 quod

253 3983 408 4066 Epistola
421 3984 532 4062 babet,
549 3991 608 4050 ‘ut
622 3989 710 4062 voci,
735 3987 895 4069 laterique
916 3983 1103 4048 consuleret
1113 3979 1131 4047 ι’
1153 3981 1210 4063 qui
1228 3981 1337 4046 sinon

251 4083 315 4149 suit
339 4086 368 4149 is
390 4105 510 4164 annus,
539 4105 677 4150 necesse
699 4093 763 4164 est,
789 4092 827 4150 nt
849 4085 913 4150 sub
939 4082 1115 4150 Hadriano
1143 4081 1337 4163 imperatore

254 4198 356 4252 causa
368 4188 510 4265 actasit,
521 4205 596 4254 eum
608 4205 629 4252 a
640 4195 737 4254 sexto
747 4185 921 4252 consulatu
935 4184 1035 4252 alium
1050 4181 1175 4247 nullum
1191 4181 1337 4262 gessisse
