3098 4878
920 369 935 388 ν

539 413 626 460 rear.
650 413 748 462 rrrsr.
772 414 844 462 mu.
868 415 908 460 rr.
930 400 962 462 9.
1228 401 1293 466 357

206 577 284 623 curn
299 558 363 622 sint
376 562 442 622 tres
457 557 645 622 umbrarum
662 557 796 640 figurae;
826 564 1029 642 constetque,
1052 561 1081 624 si
1104 579 1166 644 par
1179 562 1295 628 lumini

207 661 253 724 sit
266 660 415 736 materia,
430 678 506 743 qnae
517 659 629 743 jactat
642 662 831 738 umbram,¹0
845 662 1010 726 columneo
1025 661 1131 745 effigie
1139 663 1223 747 jeci,
1235 683 1296 735 nec

206 760 328 826 bebere
342 761 461 825 finem:
483 761 513 824 ei
529 781 610 842 vcro,
622 762 727 845 maior
740 748 887 840 materia,
902 782 1002 846 quarn
1023 765 1142 841 lumen,
1157 767 1296 831 turbinis

206 863 302 938 recti,
317 869 355 925 ut
370 863 415 928 sit
437 863 538 926 imunt
553 863 626 947 ojus
641 865 927 945 angustissimum,
941 866 1095 932 et·simili
1111 868 1210 932 modo
1225 868 1297 931 infi-

206 964 280 1028 nite
293 963 489 1048 longitudo:
506 966 535 1029 si
550 965 658 1029 minor
669 968 822 1044 materia,
835 986 935 1049 quern
950 967 1023 1047 lux,
1037 976 1139 1032 mette
1154 970 1296 1033 existere

205 1064 348 1148 effigiem
373 1066 407 1130 in
429 1068 615 1132 cacuminis
640 1068 738 1131 tinem
766 1067 987 1135 desinentem:
1019 1071 1184 1152 talemque
1210 1071 1298 1134 cerui

205 1168 359 1232 umbram
375 1169 551 1234 deficiente
568 1169 680 1235 Luna:
703 1172 816 1253 palum
832 1171 878 1246 fit,
892 1172 1027 1237 utnulla
1042 1172 1186 1255 amplius
1202 1172 1299 1236 relin-

205 1274 327 1352 quatur
348 1271 527 1349 dubitatio,
542 1269 709 1355 supernrij
733 1272 958 1355 magnitudine
981 1283 1153 1340 terram:¹¹
1177 1275 1299 1358 idqui-

206 1370 280 1456 dem
292 1379 317 1408 ¹²
337 1380 373 1436 et
394 1375 507 1438 tacitis
522 1375 630 1457 ipsius
645 1380 772 1440 naturne
786 1365 929 1440 indiciis.
974 1374 1043 1441 Cur
1064 1378 1150 1441 enim
1165 1375 1297 1460 partitis

207 1473 338 1538 vicibus
352 1475 427 1539 anni
444 1477 603 1542 brumalis
625 1477 802 1568 abscedit't
814 1484 837 1523 ¹³
861 1467 897 1542 ut
911 1479 1053 1543 noctium
1070 1480 1237 1562 opacitate
1248 1463 1300 1526 ¹⁴¹¹

206 1579 313 1640 terres
324 1578 465 1657 reficiat,
480 1586 660 1644 exusturus
671 1580 761 1645 baud
773 1580 887 1658 dubie,
899 1584 933 1644 et
947 1580 997 1644 sic
1009 1599 1141 1663 quoque
1153 1598 1298 1645 exurens

206 1677 354 1758 quadum
369 1681 402 1742 in
417 1689 534 1763 parte:
557 1686 651 1746 tanta
666 1680 859 1764 magnitudo
874 1687 966 1745 est.¹⁵

252 1795 307 1844 tx.
329 1779 436 1865 (xri.)
469 1781 513 1846 Et
534 1783 694 1846 rationem
715 1780 851 1864 quidem
871 1779 1025 1846 desectus
1043 1785 1216 1870 utriusque
1231 1787 1299 1869 pri·

206 1901 281 1946 mus
304 1883 448 1948 Romani
471 1885 600 1968 generis
623 1887 657 1948 in
675 1885 796 1966 vulgus
811 1885 931 1948 extulit
956 1884 1148 1970 Sulpicius·
1163 1885 1298 1967 Gallus,

207 1983 265 2065 qni
281 1984 395 2048 consul
421 2004 496 2049 cum
516 1984 678 2049 Marcello
701 1985 789 2050 tuit:
812 1984 872 2048 sed
895 1992 966 2047 tum
981 1987 1131 2052 tribunus
1145 1989 1299 2066 militum,

208 2083 423 2150 solicitudine
453 2086 604 2151 exercitu
634 2087 786 2163 liberato,
813 2084 922 2170 pridie
952 2105 1052 2169 quam
1075 2079 1218 2152 Perseus
1239 2108 1299 2154 rex
1367 2169 1370 2176 ἢ

664 2287 845 2311 OOOOOMMO

208 2405 314 2468 Bipont.
327 2411 353 2456 et
373 2407 530 2455 Frena-lb
547 2403 632 2454 chiffl.
646 2405 745 2466 jactent
760 2405 938 2456 umbram-ll
952 2405 1017 2455 Cod.
1030 2420 1071 2470 up.
1083 2407 1158 2469 Luat,
1179 2405 1299 2468 magnitu-

206 2469 261 2518 dine
273 2473 418 2520 terrm—12
435 2469 500 2520 Cod-
519 2471 610 2518 Delec.
628 2469 667 2518 tte
684 2471 852 2533 quidem—1³
869 2470 934 2520 coo.
945 2470 1037 2522 Dalec.
1054 2471 1135 2521 burne
1151 2471 1174 2520 ia
1188 2471 1299 2520 αὺκιάϋ.

207 2537 273 2582 -lt
289 2535 331 2583 Ite
348 2535 503 2584 vetDalec.
523 2532 608 2584 Cbitll.
629 2535 723 2598 aliique
741 2535 818 2586 codd.
839 2549 897 2584 curn
914 2535 974 2584 edd.
990 2536 1098 2584 Venett.
1119 2537 1192 2584 Rom.
1211 2535 1299 2584 Parin.

209 2598 283 2647 Brix.
295 2598 355 2648 nto.
368 2599 441 2650 thnt.
454 2599 533 2648 Beati.
544 2599 673 2647 iiarduin.
686 2603 708 2648 1.
720 2603 744 2649 2.
755 2603 781 2649 8.
797 2599 893 2648 Miller.
906 2601 1011 2662 Biporrt.
1023 2607 1051 2649 et
1062 2601 1153 2651 Frena.
1169 2600 1300 2662 ommate

209 2662 303 2713 Dulce.
315 2664 370 2714 Eia.
382 2670 410 2713 et
421 2663 599 2714 (irenen-15
617 2663 811 2728 Datecanrplna,
827 2665 966 2726 magnitudo
974 2665 1032 2725 eiua.

700 2810 808 2861 NOTAE

207 2921 311 2974 finiente
323 2923 406 2986 Luna,
418 2923 478 2974 Sole
489 2922 537 2972 sub
548 2923 624 2973 terris
637 2923 733 2974 abdito.
774 2926 807 2976 ed
820 2918 938 2990 quartam
950 2923 1037 2974 boram
1049 2921 1132 2972 noctia
1147 2922 1246 2973 Lunam
1258 2923 1302 2972 de·

207 3003 351 3066 Superntnr
362 3019 377 3052 a
389 3003 448 3052 Sole
465 3003 544 3066 igitur
559 3001 734 3066 magnitudine
772 2999 897 3053 secturam
907 3015 965 3050 erae
976 3013 1074 3051 ...nec
1090 2999 1192 3049 trabere
1206 2999 1231 3048 in
1244 3013 1302 3063 pro·

207 3084 287 3127 terra.
320 3076 732 3142 Ziegleruaetniii,quiipande·
774 3079 869 3144 digium
884 3077 988 3128 debere.
1023 3077 1119 3132 Nocte,
1131 3089 1206 3141 qnam
1218 3074 1303 3138 pridie

200 3153 288 3218 ficiem
297 3154 395 3216 legunt,
407 3153 438 3201 nd
447 3154 596 3218 Lunamque
609 3151 734 3209 referunt,
776 3157 864 3208 Nonaa
886 3153 1019 3218 Septemb.
1042 3153 1159 3202 insecuta
1177 3160 1218 3201 eat
1236 3152 1301 3213 dies,

208 3229 317 3278 vetustis
326 3229 404 3278 Plinii
416 3229 546 3279 codicibua
558 3229 736 3293 adversantur,
776 3230 847 3282 edita
858 3232 920 3280 hura
938 3229 1013 3278 Luna
1024 3243 1081 3276 cnm
1093 3225 1241 3288 desociaret,
1251 3227 1303 3275 Ro·

207 3305 412 3368 acciendumque
424 3303 592 3358 labefactant.
776 3307 857 3356 uranie
868 3305 990 3354 militibus
1003 3303 1072 3352 Galli
1082 3303 1209 3366 capientia
1222 3314 1303 3365 prope

238 3378 248 3422 l
263 3378 389 3444 Superni]
406 3377 511 3429 Ascle.
618 3399 622 3406 ¹
776 3381 864 3430 divina
875 3377 976 3440 rideri,’
987 3381 1037 3426 dre.
1071 3377 1303 3442 Valeriuaquoque

240 3453 252 3487 ¹
271 3453 409 3518 opacitate]
436 3454 532 3504 Umbra
557 3454 683 3512 nimirum,
706 3468 736 3504 ac
776 3457 849 3506 Max.
861 3469 924 3505 utu.
934 3460 971 3504 11.
984 3467 1002 3503 1.
1016 3468 1041 3516 p.
1053 3455 1109 3503 198.
1120 3453 1162 3516 qui
1174 3453 1210 3500 rei
1222 3460 1304 3514 peatae

208 3530 362 3594 frigiditate.
396 3529 464 3580 Vide
487 3530 570 3580 Notus
587 3539 615 3580 et
630 3521 736 3580 Enreud.
777 3531 950 3580 narrationem
972 3528 1152 3590 pereleganti
1172 3526 1305 3578 concludit

207 3595 278 3654 num.
291 3610 329 3656 rt.
777 3608 875 3670 elogio:
894 3605 1001 3669 ‘ltaque
1011 3601 1066 3662 itti:
1077 3603 1170 3667 iuquit,
1181 3605 1188 3629 ⁴
1198 3602 1304 3668 inelyte

241 3690 254 3716 ⁸
270 3683 401 3748 Srbpirira]
426 3684 489 3734 Rem
507 3693 628 3734 accurate
652 3685 738 3735 Liviua
779 3677 1303 3732 Paulianaevictorinliberaleaarteatlal.

209 3768 300 3810 narrat
318 3759 361 3810 lib.
380 3775 456 3810 xnru.
473 3775 533 3825 pag.
544 3765 600 3811 569.
617 3762 734 3811 ‘Caetria
775 3758 794 3808 li
806 3758 902 3808 aditum
913 3756 1057 3808 dederunt:
1076 3754 1305 3820 qnieniaiilleme·

209 3833 379 3901 permunitia,'
406 3835 500 3899 inquit,
529 3835 579 3886 ⁸0.
606 3835 736 3899 Sulpicina
778 3841 832 3883 turn
849 3839 993 3882 nostrorum
1005 3832 1114 3880 militnm
1130 3830 1242 3886 vitiaret,
1254 3828 1306 3880 lm·

208 3914 301 3964 Gallua
311 3913 439 3964 'l'ribunna
451 3913 559 3961 rnilitum
571 3914 690 3962 racundo.
703 3915 737 3962 la·
779 3916 884 3973 perator
895 3908 1026 3958 Romnum
1042 3905 1144 3956 vincere
1154 3905 1241 3955 boatea
1254 3919 1304 3956 uon

208 3991 300 4056 gionia
323 3989 367 4056 qui
392 3990 494 4038 Pretor
515 3989 648 4052 anperiore
670 4004 737 4039 anno
778 3983 924 4050 potuisset!
956 3981 1192 4032 Meminereetienr
1204 3981 1305 4032 Fronti-

208 4067 305 4131 inerat,
317 4065 435 4118 Consulit
447 4066 574 4130 permiaao
586 4065 619 4114 ed
636 4067 739 4115 concio·
777 4075 825 4109 uua
834 4059 989 4120 strategem.
1001 4071 1020 4108 ι.
1033 4061 1057 4106 2.
1073 4057 1224 4108 Quintilian.
1235 4069 1254 4107 ι.
1265 4062 1305 4108 111.

208 4155 267 4192 nent
289 4141 414 4191 militibua
438 4139 535 4189 vocatia
553 4139 739 4203 pronuntiarit,
778 4135 897 4201 pun-⁴
908 4132 1062 4182 Plutarcbua
1074 4131 1307 4198 iuAEnrilioPaulo,

210 4224 287 4268 nocte
299 4219 465 4281 proxima‚ne
474 4215 531 4280 qnia
544 4213 569 4263 id
579 4229 625 4278 pro
635 4224 739 4280 portan-
781 4215 862 4278 punt)
878 4211 945 4260 irone
957 4210 1036 4259 Lnnre
1044 4206 1175 4260 desectum
1184 4211 1305 4274 contigit·

208 4282 238 4343 'to
256 4294 399 4358 acciperet,
417 4291 449 4342 ab
461 4291 524 4341 bora
535 4289 648 4340 reconda
659 4303 739 4356 unque
780 4303 808 4339 ae
819 4285 902 4338 refert
913 4285 962 4340 rub
974 4286 1072 4340 exitum
1081 4285 1196 4337 earerb.'
1204 4289 1304 4338 uuae.
