3006 4874
252 385 317 448 140
385 399 433 447 nn
457 399 488 446 c.
513 397 631 446 acran
657 397 798 444 raram
825 396 928 444 cnon.
953 393 992 442 rr.
1018 397 1048 442 r.
1072 393 1256 443 arnamar.

252 544 387 628 quidem
407 543 564 608 memoria
588 550 649 605 aut
666 540 778 622 vigore
801 539 994 606 concussis!
1052 538 1137 603 llaec
1154 539 1286 604 Plinius
1300 540 1342 604 de

252 665 317 710 sua
331 647 368 710 in
382 644 622 728 cognoscendis
636 643 758 726 plantis
774 642 1023 717 exercitatione,
1035 642 1102 716 cui,
1114 641 1167 704 vel
1184 642 1344 705 inexerci-

252 747 430 822 tatissimo,
458 752 569 810 tamen
596 751 710 808 essent
731 744 884 826 plnrimae
911 743 1026 823 gratiae
1051 742 1226 820 habendae,
1249 742 1342 824 quod

253 847 326 932 ejus
342 848 505 912 industria
531 845 710 910 multorum
725 846 935 927 scriptorum,
950 848 984 908 et
1004 845 1038 907 in
1051 843 1104 906 his
1124 844 1342 921 medicorum,

255 948 351 1030 Nigri
378 950 575 1032 praesertim,
601 947 745 1021 Galeno,
780 953 816 1010 ut
839 945 1106 1029 praemonuimus,
1136 949 1170 1010 in
1199 946 1342 1012 historia

252 1049 457 1133 simplicium
479 1051 795 1114 medicamentorum
809 1047 971 1112 tradenda
986 1047 1128 1128 probati,
1144 1048 1341 1114 Lucubrati-

250 1171 351 1216 onum
375 1151 538 1216 nonnulla
559 1151 603 1216 ad
629 1169 689 1216 nos
713 1149 897 1230 fragmenta
918 1153 1144 1231 pervenerunt,
1164 1168 1237 1228 nec,
1259 1151 1341 1233 qnia

249 1253 379 1318 labatur
404 1255 441 1316 in
464 1252 643 1328 nonnullis,
665 1251 729 1316 boc
755 1249 830 1331 ejus
852 1249 1018 1331 privatum
1044 1249 1162 1316 vitium
1182 1259 1246 1328 est,
1279 1252 1339 1316 sad

252 1371 428 1418 commune
452 1355 504 1420 illi
529 1373 603 1420 cum
618 1353 744 1430 multis,
757 1351 858 1415 etiam
872 1349 1074 1428 Dioscoridi,
1090 1370 1156 1433 qno
1171 1352 1339 1432 absoluto,

250 1471 317 1518 non
331 1455 446 1519 debuit
456 1455 587 1520 Plinius
599 1454 759 1524 damnari,
774 1453 869 1535 cnjus
884 1451 927 1515 ad
944 1451 1181 1535 Imperatorem
1196 1453 1340 1518 scriben-

249 1556 294 1620 tis
320 1554 382 1620 illa
403 1556 546 1638 ingenua
573 1553 742 1620 consessio
772 1558 847 1617 est:
870 1557 961 1617 ‘non
988 1552 1138 1619 dubitare
1165 1554 1274 1619 multa
1302 1575 1338 1619 se

250 1658 402 1735 latuisse,
416 1659 507 1741 qnod
530 1658 630 1722 bomo
653 1664 754 1733 esset,
770 1675 811 1720 ac
837 1654 936 1721 valde
961 1655 1178 1738 occupatus?
1200 1677 1263 1722 nec
1277 1678 1337 1741 ego

251 1777 339 1836 enm,
366 1766 405 1823 nt
435 1777 605 1841 nunquam
632 1759 767 1840 lapsum
788 1777 865 1824 esse
895 1758 1133 1836 existimarem,
1160 1779 1200 1823 ne
1228 1761 1338 1824 dicam

248 1858 404 1924 auderem
418 1858 593 1935 affirmare,
611 1860 678 1924 nlla
692 1859 727 1924 in
741 1861 889 1929 animum
911 1877 1022 1924 meum
1047 1862 1178 1923 ratione
1192 1877 1338 1943 nuquam

248 1959 406 2024 inducere
421 1961 528 2044 potni.
573 1960 716 2025 Tantum
733 1961 834 2024 toties
847 1961 931 2039 labi,
939 1960 1082 2044 quoties,
1098 1961 1211 2026 studio
1226 1959 1337 2026 iendis

247 2069 283 2125 et
297 2060 410 2142 gloriae
427 2083 470 2130 ex
495 2062 569 2148 ejus
584 2061 829 2144 vituperatione
855 2061 1111 2143 consequendae,
1128 2061 1336 2128 Dioscori'dis

247 2163 380 2246 perinde
394 2184 436 2230 ac
446 2165 638 2230 vetustioris
649 2172 684 2228 et
698 2172 794 2228 extra
803 2182 932 2228 omnem
948 2163 1059 2230 aleam
1069 2164 1173 2248 positi
1187 2166 1336 2230 maximo

248 2273 456 2346 argumento,
470 2266 619 2330 nonnulli
632 2265 773 2349 professi
788 2271 962 2340 snnt,cnru
975 2265 1058 2332 alibi
1072 2283 1177 2347 saepe,
1188 2271 1259 2332 tnm
1272 2265 1335 2332 boc

247 2367 418 2450 praecipue
436 2367 514 2432 loco
534 2367 642 2432 audeo
656 2365 818 2431 inficiari:
842 2367 939 2450 plura
952 2367 1037 2431 enim
1053 2367 1087 2430 in
1103 2385 1144 2430 eo
1157 2367 1240 2432 vitio
1254 2373 1336 2432 tem·

244 2467 336 2549 poris
350 2475 428 2533 sunt
440 2470 626 2545 immutata,
638 2468 743 2532 multa
757 2469 1015 2534 exscribentinm
1036 2467 1244 2550 negligentia,
1255 2487 1333 2532 non·

246 2568 338 2633 nulla
360 2571 502 2634 aliorum
514 2568 721 2652 quorundam
738 2570 926 2656 temeritate
937 2569 991 2633 vel
1004 2568 1106 2632 nimia
1125 2569 1333 2634 festinatione

247 2669 445 2752 depravata,
459 2691 535 2755 quae
551 2671 671 2744 insonti
682 2670 796 2735 Plinio
815 2671 1031 2755 imputantur.
1085 2668 1197 2753 Atque
1210 2669 1285 2736 baec
1300 2672 1334 2734 in

242 2779 372 2851 genere,
399 2770 530 2850 Patres,
550 2791 626 2835 sum
650 2770 809 2854 praelatus
833 2771 875 2836 de
899 2771 1001 2836 Plinii
1019 2771 1215 2850 innocentia,
1238 2773 1334 2855 plura

244 2870 438 2938 distinctius
464 2891 504 2938 ac
526 2874 673 2956 pressius
688 2872 848 2952 dicturus,
864 2873 1065 2956 ubicumque
1078 2872 1191 2938 Plinio
1207 2873 1334 2957 aliquid

244 2972 349 3056 objici
367 2975 410 3038 ab
436 2974 633 3038 adversariis
658 2983 811 3038 occurret
830 2975 865 3038 in
885 2973 1113 3057 explicatione
1131 2974 1332 3055 singularum

199 3109 202 3116 v
246 3075 470 3153 historiarum,
493 3095 578 3158 quas
600 3095 680 3140 mox
695 3075 898 3158 aggrediare
915 3074 1002 3140 libro
1023 3075 1224 3141 duodecimo
1238 3095 1334 3141 excr-

245 3195 314 3254 sns,
327 3197 368 3242 ac
380 3178 487 3261 primo
501 3178 585 3241 inter
599 3196 670 3254 eoS,
686 3195 771 3260 qnos
781 3177 822 3240 de
836 3177 975 3241 materia
990 3177 1119 3240 medica
1130 3179 1332 3260 composuit,

243 3279 398 3344 addictus
420 3279 602 3364 peregrinis
624 3279 784 3360 stirpibus
807 3275 999 3354 referendis,
1020 3271 1145 3362 quibus
1167 3280 1332 3359 omnibus,

244 3387 304 3448 ant
326 3389 415 3446 certe
439 3382 619 3465 plerisque,
647 3379 885 3462 cognoscendis
912 3379 1158 3445 Lusitanorum
1168 3380 1331 3447 industria

241 3487 343 3566 atque
366 3500 451 3546 ausu
466 3482 565 3564 plana
579 3483 713 3546 heroico
728 3483 806 3563 plns
819 3498 883 3544 nos
897 3480 1109 3562 proiecimus,
1124 3499 1226 3564 qnam
1240 3490 1331 3549 ante·

241 3583 329 3648 actis
352 3583 489 3646 saeculis
504 3583 603 3658 nllus,
616 3588 676 3646 aut
690 3580 833 3647 Graecus
856 3588 916 3645 ant
931 3581 1082 3660 Latinus,
1101 3584 1220 3664 agnitis
1234 3583 1331 3652 sabn·

238 3683 294 3762 lis,
309 3702 394 3767 quas
409 3681 452 3746 ab
469 3680 564 3744 Indis
579 3683 829 3761 mercatoribus,
846 3684 897 3747 rel
912 3681 988 3748 aliis
1002 3683 1276 3764 negotiatoribus,
1292 3705 1328 3751 se

241 3786 319 3870 plns
337 3791 491 3869 anestns
513 3801 590 3846 csse
609 3781 759 3850 facturos
775 3784 1056 3860 existimantibus,
1079 3783 1110 3848 si
1124 3785 1329 3852 omniadiffi·

241 3888 361 3953 ciliora
379 3886 545 3960 fecissent,
571 3888 604 3947 at
629 3883 854 3952 admirationis
878 3884 978 3968 plena
999 3884 1252 3968 praedicassent,
1272 3908 1328 3954 ac·

239 3993 353 4070 ceptae
372 3985 468 4051 nobis
493 4003 554 4069 pro
576 3983 727 4050 historiis
753 3985 942 4050 exhibuere.
986 3984 1086 4051 Nunc
1108 3988 1327 4069 quoniamdi·

237 4087 344 4150 cendo
359 4087 471 4151 lessus
496 4103 582 4164 snm,
604 4103 668 4150 nec
684 4086 769 4152 satis
785 4085 888 4154 multa
901 4103 970 4152 non
984 4085 1066 4164 dixi,
1085 4087 1240 4154 coniemc
1256 4107 1325 4156 ser·

238 4201 348 4260 mone,
362 4186 461 4253 mem
475 4186 623 4270 impono.
