3098 4878
270 393 334 458 ³08
633 411 664 456 c.
688 405 807 456 rnrrur
832 405 995 460 secunor

273 550 419 632 scripsit,
445 547 569 614 Orirlio
599 547 713 632 poeto,
743 548 864 613 Cassio
894 545 1054 622 Hemina,
1084 542 1285 622 Maecenate,
1315 544 1354 608 L.

272 648 396 729 Atteio,
412 651 608 715 Sornatio.¹⁷

698 841 899 904 Exruanrs
913 859 922 902 ε

316 975 418 1050 lube,
440 971 585 1048 Andron,
611 972 721 1055 Salpe,
747 970 892 1053 Apione,
917 970 1054 1055 Pelope,
1078 969 1197 1054 Apelle
1218 969 1359 1046 Thasio,

275 1074 463 1157 Thrasyllo,
481 1071 662 1136 Nicandro.

732 1215 911 1235 'emenone

308 1336 339 1381 1⁷
364 1331 474 1381 sonnio
493 1329 567 1380 deest
586 1329 612 1376 in
633 1327 692 1378 edd.
714 1329 794 1378 Baril.
811 1329 893 1394 Lngd.
913 1330 1005 1381 Deire.
1024 1331 1079 1380 Etr.
1097 1331 1213 1380 Gronov.
1233 1330 1359 1380 llartluin.

275 1396 369 1446 Miller.
380 1395 486 1460 Bipout.
496 1403 523 1444 et
538 1394 628 1442 Franz.

372 1672 488 1735 hreno
507 1685 656 1733 xxxrrr.
671 1669 879 1732 continentur
892 1669 1099 1733 metallorum
1112 1674 1251 1732 naturae.
1263 1675 1272 1704 ¹

492 1836 549 1900 Du
563 1832 717 1899 metallis.

493 1936 546 2000 De
560 1955 650 1999 auro.

494 2035 582 2112 Qum
598 2037 704 2118 prima
718 2035 964 2101 commendatio
976 2036 1060 2118 ejus.

495 2137 549 2200 De
565 2138 731 2202 anulorum
746 2156 917 2202 aureorum
932 2139 1067 2219 origine.

496 2239 549 2302 De
564 2238 662 2302 modo
677 2238 749 2302 auri
762 2237 852 2320 apud
867 2239 1029 2320 antiquos.

496 2338 549 2402 De
558 2338 633 2420 jure
648 2339 818 2402 anulorum
831 2356 1017 2403 aureorum.

496 2438 549 2502 De
564 2439 706 2503 decuriis
720 2439 886 2502 lodicum.

497 2539 551 2603 De
564 2540 711 2621 equestri
727 2539 851 2602 ordine.

497 2639 639 2716 Quoties
654 2658 774 2703 nomen
788 2640 950 2722 equestris
965 2638 1090 2702 ordinis
1109 2639 1328 2702 immutatum.

498 2739 550 2804 De
566 2739 660 2804 donis
675 2741 881 2819 militaribus,
897 2741 1019 2816 aureis,
1030 2747 1066 2805 et
1079 2741 1257 2822 argenteis.

498 2840 642 2917 Quando
657 2842 799 2925 primum
813 2861 938 2907 corono
951 2860 1052 2906 aurea
1064 2841 1151 2905 data.

498 2940 550 3004 De
563 2942 692 3024 reliquo
706 2961 771 3006 usu
787 2943 857 3006 auri
872 2943 1089 3007 foeminarum.

500 3040 553 3104 De
568 3060 821 3106 nummoaureo.
865 3041 1012 3118 Quando
1035 3042 1177 3123 primum
1198 3040 1367 3123 signatum

539 3148 591 3206 est
604 3160 718 3204 aurum
732 3149 765 3206 et
778 3153 958 3224 argentum.
992 3139 1183 3224 Antequam
1198 3160 1239 3204 oa
1253 3142 1367 3222 sigua-

540 3246 659 3318 rentur‚
675 3242 751 3323 quis
765 3261 840 3306 mos
852 3243 888 3306 in
902 3261 989 3306 rere:
1010 3249 1044 3306 et
1057 3262 1133 3325 quae
1148 3243 1294 3306 maxime
1309 3260 1368 3324 pe·

540 3343 638 3406 cunia
654 3343 781 3424 primo²
796 3363 911 3409 censu.
950 3343 1088 3421 Quoties
1101 3350 1135 3407 et
1149 3343 1270 3425 quibus
1285 3348 1367 3407 tem·

541 3445 677 3526 poribus
693 3445 878 3509 auctoritas
893 3445 988 3509 aereis
1002 3446 1143 3507 nummis
1157 3444 1306 3526 signatis.

289 3559 369 3606 xiv.
501 3544 692 3608 AEstimatio
706 3545 748 3608 de
762 3546 945 3628 cupiditate
961 3544 1043 3609 auri.

265 3671 274 3680 ·
289 3659 355 3707 xv.
499 3643 568 3720 Qui
583 3645 760 3725 plurimum
774 3645 845 3707 auri
858 3653 891 3711 et
905 3646 1030 3727 argenti
1044 3645 1261 3728 possederint.

289 3759 369 3806 xvi.
503 3743 648 3820 Quando
673 3744 814 3826 primum
838 3747 965 3827 argenti
991 3751 1171 3828 apparatus
1196 3745 1231 3808 in
1255 3763 1368 3810 arena.

546 3841 688 3919 Quando
703 3845 737 3906 in
749 3863 859 3909 scena

753 4040 872 4064 OOOOOO
874 4041 918 4062 m

324 4155 335 4197 1
356 4151 421 4200 Edit.
431 4158 495 4201 retr.
511 4159 603 4203 aava
614 4157 816 4208 metallorum-2
833 4157 995 4206 nerduini.
1011 4159 1035 4204 ².
1051 4159 1074 4205 t.
1091 4155 1196 4219 Bipoot.
1206 4161 1234 4204 et
1244 4155 1336 4204 Franz.
1348 4161 1372 4203 et

291 4227 342 4276 qao
350 4215 426 4275 primu
437 4231 467 4263 rrr.
478 4233 502 4278 p.
511 4219 594 4280 prim.
