3006 4874
416 385 549 434 nncnro
573 385 612 432 rr.
629 385 750 442 Ιιἰιιιιι
773 385 966 435 οιοιιιιιι.
1200 375 1245 460 99

138 545 143 558 ·
162 527 382 592 stuntissimis
393 528 648 610 complanatam,
661 547 738 612 quse
752 528 832 594 mibi
843 528 878 592 in
889 529 956 594 ista
970 528 1141 596 obstructa
1154 535 1246 616 pate·

163 627 316 694 facienda
337 635 400 706 est,
416 637 451 693 et
465 629 623 711 impedita
640 631 683 695 ab
705 632 858 696 omnibus
878 629 1129 696 difficultatibus
1143 651 1248 715 expe·

162 729 292 795 dienda.
336 729 431 805 Cum,
445 735 481 796 ut
502 729 667 810 dicebam,
682 749 862 813 agnoscam
876 739 1037 814 quantum
1058 732 1145 796 inter
1160 753 1246 816 pree-

164 833 292 896 teritam
308 851 348 896 ac
369 838 566 915 praesentem
591 835 850 900 controversiam
872 833 918 898 sit
932 832 1118 904 discrimen,
1140 854 1245 918 quan·
1326 821 1330 830 ’

164 939 231 998 tum
246 935 279 998 in
291 934 353 998 hac
368 934 505 1010 laboris,
520 953 562 998 uc
575 935 700 1017 negotii
715 936 768 1013 sit,
780 939 892 1000 tamen
906 933 988 998 nibil
1005 941 1072 998 tam
1093 935 1244 1013 arduum,

162 1041 231 1108 tam
261 1034 408 1113 difficile,
434 1041 568 1118 tamque
590 1037 787 1119 impeditum
806 1036 841 1102 in
866 1053 908 1100 ea
932 1034 1048 1111 sentio,
1071 1036 1161 1119 quod
1181 1055 1245 1102 non
1353 1085 1354 1090 1

162 1135 281 1200 intuitu
295 1136 376 1212 tanti
392 1155 582 1214 consessus,
603 1155 643 1202 ae
658 1138 817 1202 memoria
832 1141 973 1200 vestrum
989 1137 1133 1202 omnium
1147 1138 1245 1204 solito

159 1235 393 1320 frequentioris
410 1237 511 1319 hujus
536 1255 727 1312 concursus,
749 1238 896 1320 planum,
917 1236 1024 1312 facile,
1047 1238 1244 1320 expeditum

161 1337 241 1402 mibi
257 1338 422 1403 videatur.
467 1336 579 1415 Quare
593 1338 691 1420 agite,
705 1337 823 1404 Patres
837 1336 1087 1420 spectatissimi,
1101 1357 1243 1422 vosque,

160 1437 384 1505 honestissimi
400 1438 644 1514 adolescentes,
658 1438 789 1516 efficite,
805 1443 841 1502 ut
854 1457 928 1503 cum
939 1437 1122 1520 frequentia
1131 1446 1244 1509 vestra

159 1544 326 1606 recreatus
336 1546 463 1604 tentum
475 1538 574 1604 animi
590 1538 733 1604 dicturus
745 1539 967 1615 assumserim,
977 1545 1098 1605 restrae
1110 1559 1243 1625 qnoque

159 1641 194 1704 in
215 1659 270 1704 me
297 1647 421 1707 attente
445 1640 612 1706 arrdiendo
631 1640 844 1706 humanitatis
860 1640 993 1724 adjubrs
1008 1641 1178 1720 beneficio,
1194 1647 1243 1707 at·

160 1761 228 1826 qne
242 1741 448 1818 sublevatus,
457 1731 578 1825 quibus¹
587 1743 759 1826 spiritibus
773 1742 960 1808 orationem
973 1759 1147 1823 aggressus
1159 1763 1242 1818 sum,

160 1841 280 1908 iisdem
309 1859 465 1925 prospere
503 1861 543 1906 ac
571 1841 712 1906 feliciter
744 1859 937 1924 progressus
979 1843 1169 1923 perveniam
1196 1841 1242 1907 ad

160 1943 272 2010 tinem·
314 1941 441 2025 Atque,
458 1942 549 2027 qued
564 1961 625 2007 vos
648 1944 748 2010 etiam
764 1950 865 2026 atque
878 1942 979 2006 otiam
994 1961 1085 2022 rogo,
1102 1961 1167 2009 non
1182 1963 1243 2027 po·

159 2041 229 2112 tius
244 2063 288 2108 ex
315 2043 480 2125 principio
506 2043 549 2107 de
573 2043 707 2126 reliqua
719 2043 865 2108 oratione
884 2042 1109 2126 conjecturam
1129 2041 1241 2122 facite,

158 2162 264 2228 qnam
277 2163 322 2208 ex
345 2142 411 2208 line
434 2143 525 2228 quod
541 2144 575 2210 in
599 2143 866 2226 precedentibus
890 2143 1081 2210 continetur
1101 2163 1241 2227 perpen-

160 2245 242 2319 uite,
253 2245 433 2316 aestimate,
447 2251 548 2330 atque
557 2244 720 2328 judicate.

200 2346 326 2411 'stibus
348 2347 447 2428 igitur
468 2346 638 2428 capitibus
660 2346 731 2410 sire
757 2343 949 2410 criminibus
974 2345 1149 2412 accusatio
1172 2350 1242 2416 tote

158 2446 345 2514 continetur
369 2447 461 2524 furti,
484 2446 639 2523 inscitiae,
658 2464 699 2510 ac
723 2445 941 2527 negligentiae.
985 2445 1054 2510 Sed
1083 2448 1241 2530 qnoniam

158 2550 301 2618 alterum
325 2567 367 2614 ae
397 2550 528 2616 tertium
552 2550 600 2614 ita
629 2547 754 2630 pendet
776 2566 821 2612 ex
842 2548 958 2631 primo,
977 2556 1016 2615 ut
1036 2569 1141 2632 neque
1162 2550 1242 2614 furti

159 2651 334 2718 absolutus
353 2649 490 2718 ¹Plinius
508 2648 654 2714 inscitias
669 2653 704 2712 et
723 2647 928 2730 negligentiae
950 2648 1101 2718 damari
1121 2650 1242 2731 possit,

158 2759 220 2818 aut
242 2752 418 2818 damnatus
440 2749 519 2816 furti
541 2748 743 2832 reliquorum
763 2748 916 2827 absolvi3
938 2767 1041 2831 qnare
1056 2749 1090 2812 in
1105 2767 1146 2814 eo
1161 2750 1242 2820 mihi

159 2857 306 2924 maxime
328 2851 583 2920 incumbendum
607 2869 681 2914 esse
702 2849 864 2930 intelligo,
878 2859 927 2924 ut,
946 2868 1023 2912 cnm
1044 2848 1185 2914 fideliter
1199 2869 1240 2914 ne

157 2957 286 3024 sincere
305 2955 554 3021 accusationem
574 2952 725 3028 retulero,
748 2950 880 3028 eam,si
901 2969 964 3014 nen
976 2955 1133 3034 quantum
1147 2951 1241 3019 inno*

119 3127 124 3136 ,
157 3058 273 3126 centia
302 3056 405 3122 Plinii
427 3055 583 3138 postulat,
602 3053 722 3120 saltem
747 3059 907 3137 quantum
927 3051 1046 3132 ingenii
1064 3051 1128 3116 mei
1151 3053 1240 3120 vires

159 3161 340 3244 pntiuntur,
361 3158 452 3224 omni
476 3155 639 3224 industria
658 3153 808 3220 refellere
832 3173 878 3220 ac
900 3171 1077 3234 coarguere
1104 3161 1241 3218 eonten-

72 3263 75 3268 ’
156 3264 236 3330 darn

159 3404 165 3412 -
203 3364 305 3430 Forte
330 3381 375 3443 ex
395 3359 524 3426 latinis
547 3358 704 3434 Plinium,
718 3374 763 3421 ex
782 3354 913 3422 (erneis
936 3351 1181 3429 Dioscoridem,
1198 3354 1241 3426 de

159 3465 331 3551 Simplicia
357 3461 509 3528 Materiae
533 3459 678 3524 Medione
701 3457 806 3524 forma
826 3462 861 3520 et
874 3455 1029 3522 facultate
1052 3460 1240 3532 nectareos,

159 3568 276 3634 endem
291 3573 465 3650 utrumqne
479 3561 668 3646 scripsisse,
684 3558 802 3624 iisdem
817 3576 857 3622 nc
871 3555 1008 3622 totidem
1023 3556 1133 3622 verbis
1153 3563 1242 3621 retu·

160 3671 254 3750 lisso,
269 3676 305 3734 et
319 3667 437 3734 eodem
452 3664 578 3740 urdine,
593 3662 658 3725 boc
678 3677 744 3724 une
761 3657 924 3734 distincti,
940 3655 1030 3740 quod*
1041 3656 1096 3722 hie
1112 3654 1242 3736 Graece,

161 3773 366 3840 heinsius
395 3768 576 3853 scripserit,
608 3763 697 3848 qnod
729 3760 930 3826 recentiores
959 3759 1241 3836 obsernnvissent,

157 3875 258 3942 facile
281 3873 408 3939 inducti
430 3875 517 3948 sunt,
538 3876 576 3933 ut
591 3874 650 3934 aut
669 3865 816 3933 Plinium
831 3881 877 3927 ex
891 3859 1101 3936 Dioscoride,
1123 3866 1181 3927 aut
1196 3878 1242 3924 ex

162 3977 275 4043 Plinio
302 3973 538 4042 Dioscorides)
564 3969 695 4052 singula
715 3963 971 4047 transcripsisse
996 3961 1242 4026 arbitrarentur.

161 4079 251 4146 Nam
265 4077 396 4152 dunsin
415 4093 482 4139 uno
497 4071 644 4157 quodam
659 4068 805 4158 cogitato
816 4063 996 4136 conuenire
1008 4077 1241 4142 nonnunquam

160 4199 273 4264 posse,
293 4183 407 4245 neubo
428 4175 566 4255 alterins
580 4171 725 4246 conscio,
745 4174 778 4233 et
800 4165 945 4234 fatentur
970 4162 1140 4232 aratione
1162 4160 1242 4227 alie-
