3038 4880
255 383 321 452 tto
618 397 650 444 o.
675 395 796 444 sorren
820 395 985 445 sncuunr

256 545 424 612 attollente
445 560 481 606 se
503 559 579 605 oum
599 559 641 605 ea
661 540 783 606 mundo
809 541 1084 614 intumescentes,
1106 556 1186 602 mox
1210 555 1233 601 a
1254 533 1350 602 meri-

256 645 356 710 diano
371 642 450 709 ooeli
463 641 598 722 fastigio
619 646 788 724 uergente,
810 642 845 706 in
868 658 1027 706 occasum
1050 639 1261 704 residentes:
1283 655 1354 701 rur·

256 763 381 828 susque
395 744 440 807 ab
462 761 586 808 occasu
608 743 721 808 subter
745 743 822 807 coeli
838 743 917 821 ima,
937 747 971 806 et
983 739 1169 806 meridiano
1184 737 1353 804 corrourio

255 846 446 915 secedente,
469 843 690 909 inundantes:
712 845 800 922 binc,
826 845 933 910 donec
958 845 1082 908 iterum
1108 842 1289 918 exoriatur,
1315 857 1353 902 ae

256 947 514 1012 resorbentes.‘¹
560 945 636 1010 Nec
658 966 804 1032 unquam
826 946 946 1011 eodem
968 951 1128 1029 tempore,
1150 961 1219 1026 qno
1233 939 1352 1025 pridie,

254 1048 360 1124 sedni,
377 1053 416 1114 nt
430 1047 632 1112 ancillanto⁰
648 1048 766 1124 sidere,
782 1049 997 1131 trabeataque
1008 1065 1123 1112 secum
1138 1044 1240 1110 arido
1252 1044 1354 1108 baum

254 1157 293 1214 tu
306 1149 421 1226 maria,
436 1153 470 1212 et
483 1146 617 1212 assidue
633 1147 781 1224 aliunde,
796 1167 899 1230 quam
912 1147 1029 1231 pridie,
1040 1146 1209 1210 exoriente
1218 1151 1243 1208 :¹
1263 1143 1353 1227 pari·

255 1250 319 1315 bus
333 1254 442 1313 mmen
456 1247 640 1312 intervallis
654 1249 831 1330 reciproci,
847 1249 1005 1330 senisque
1020 1264 1155 1330 semper
1168 1246 1269 1323 boris,
1283 1262 1353 1309 non

139 1359 146 1374 “
255 1351 421 1434 cujusquo
445 1348 512 1413 diei
537 1354 593 1414 ant
619 1350 740 1426 noctis,
768 1355 827 1415 ant
847 1349 928 1428 loci,
954 1349 1014 1414 aed
1032 1348 1352 1431 aequinoctialibus:

253 1451 397 1535 ideoque
425 1451 609 1532 inaequales
638 1450 824 1532 vulgarium
849 1451 1004 1516 horarum
1029 1451 1155 1534 spatio,
1168 1455 1351 1530 utcumque

253 1551 367 1636 plures
380 1552 417 1616 in
428 1571 486 1616 eas
497 1548 532 1598 ³⁶
548 1557 607 1617 aut
623 1550 692 1616 diei
706 1558 763 1618 aut
773 1554 882 1618 noctis
898 1553 1028 1619 illarum
1037 1569 1200 1616 mensurae
1218 1549 1353 1625 cudunt,

219 1677 220 1680 ¹
254 1659 287 1718 et
297 1654 502 1736 aequinoctio
518 1660 648 1718 tuntum
663 1673 764 1737 pares
774 1655 925 1740 ubique!
981 1653 1105 1736 Ingens
1118 1657 1353 1735 argumentum,

254 1755 455 1838 plenumque
468 1754 556 1819 lucis
576 1773 617 1819 ao
632 1753 730 1818 vocis
749 1756 853 1820 etiam
869 1756 1024 1834 dinrure,⁴
1036 1755 1173 1820 hebetes
1189 1770 1278 1828 esse,
1292 1751 1353 1835 qui

284 1947 296 1970 ⁶
312 1939 346 1988 Et
357 1940 478 1988 attollente
487 1952 512 1986 ae
521 1937 551 1986 ab
570 1943 624 1987 orta
634 1953 717 1988 marra
726 1939 850 1989 meridiem
865 1954 919 1989 euos
929 1939 999 1990 Luae
1017 1939 1082 1994 eolo,
1093 1942 1167 1988 astae
1177 1937 1353 1988 turam.-

253 2003 472 2051 saoeumerr'diuao
483 2001 535 2051 coli
545 2001 643 2062 certior,
661 2004 719 2051 ceto
741 2009 855 2064 uergente
867 2005 893 2052 ia
910 2017 1026 2064 cemma,
1044 2003 1170 2052 residem:
1186 2001 1352 2063 meamet

252 2079 336 2114 oscam
344 2068 376 2114 ud
386 2066 517 2130 apposituro
525 2065 689 2125 madmena,
700 2080 747 2128 pao
762 2072 853 2130 spectet
864 2067 1000 2132 antipodas,
1012 2069 1101 2116 iterata
1111 2069 1230 2115 maest:
1244 2065 1302 2113 trae
1310 2068 1353 2114 rte·

251 2144 294 2179 aec
305 2131 337 2178 od
346 2129 489 2179 domuum
499 2135 608 2178 austrum
617 2130 750 2180 exertiorem
759 2132 895 2194 pernesa'nt,
905 2146 1002 2180 rursum
1011 2130 1146 2180 mbaldaat.

284 2191 296 2225 θ
313 2194 370 2242 Noa
380 2193 502 2256 cuiuslibet
510 2193 558 2242 diei
568 2193 673 2242 nortiam
683 2194 756 2242 borna
766 2195 887 2258 celsona,
895 2200 938 2244 eet
948 2195 1051 2256 cuiusuis
1060 2194 1105 2242 loci
1114 2192 1224 2256 propriu
1232 2188 1353 2255 intelligo,

252 2258 294 2306 aerl
303 2258 477 2320 oprimento
488 2263 512 2307 et
520 2272 599 2320 porea.
633 2258 734 2320 Ideoque
751 2264 823 2307 cetea
842 2265 900 2308 aaut
911 2259 1045 2322 inaequalea
1055 2257 1078 2307 as'
1087 2257 1222 2318 ωιΙςαήιαι
1232 2257 1354 2318 mm,

252 2324 280 2369 st
291 2327 347 2369 seat
358 2322 460 2380 italicus,
471 2322 575 2384 apetium
585 2321 719 2382 intelligor,
739 2337 792 2371 cera
808 2323 888 2386 pluam
907 2323 1016 2384 morea
1026 2323 1101 2378 bore,
1117 2321 1168 2370 aire
1176 2321 1226 2369 dier·
1236 2319 1356 2384 tylon,

252 2383 302 2432 aiee
312 2385 486 2512 mmmmm
496 2384 647 2446 paucioribus
663 2385 728 2434 toria
748 2387 951 2450 uqatmtlulibua
961 2387 1133 2450 respondem:
1148 2383 1288 2449 equinoctio
1298 2388 1351 2432 tua·

254 2451 306 2496 tara
350 2448 356 2460 ⁴
409 2449 458 2497 aiat
465 2463 545 2512 porea.

714 2559 892 2582 ΝΝΝΜθΜ

288 2669 355 2722 cas.
367 2682 445 2722 xcrx.
479 2675 492 2721 l
510 2669 553 2720 lta
563 2670 648 2722 Tolet.
661 2669 790 2722 Hardniui
802 2655 878 2722 ood'd.
891 2679 920 2723 at
931 2672 992 2723 edd.
1003 2671 1131 2724 Haeduis.
1141 2678 1166 2723 1.
1176 2676 1203 2722 i.
1213 2677 1238 2722 t.
1255 2671 1352 2722 btiller.

254 2733 362 2797 Bipont.
373 2742 401 2784 at
412 2737 504 2786 Frena.
515 2749 541 2785 ae
550 2736 671 2786 ambestea
683 2735 744 2784 nro.
755 2735 830 2788 dont.
843 2736 924 2787 Betil.
938 2738 1022 2801 Lugd.
1033 2737 1141 2794 Erunt,
1154 2737 1235 2812 Lepti.
1245 2735 1352 2787 Franks.

253 2794 340 2860 bugd.
352 2802 424 2848 16⁰6.
441 2799 530 2848 Deleo.
543 2799 600 2848 Ele.
611 2808 638 2850 et
649 2799 815 2849 oroneo-a
833 2799 919 2851 chiffl.
935 2807 962 2851 ut
973 2802 1111 2851 meilbstea
1122 2802 1197 2850 sidere
1212 2801 1292 2862 oudo,
1303 2806 1357 2849 tro·

254 2861 365 2926 torique
380 2878 457 2913 utem
467 2864 551 2912 imatrr
562 2865 647 2925 morio,
659 2869 681 2913 et
693 2863 787 2913 oasldue
802 2865 907 2926 alinde,
917 2881 988 2928 ouum
999 2865 1087 2929 pridie,
1095 2864 1269 2914 maort-s
1282 2864 1353 2914 blar-

253 2939 287 2988 8⁰
298 2926 428 2979 Delecet
438 2928 553 2980 Gronov.
570 2941 617 2992 eoa,
635 2941 672 2978 sc·
691 2933 828 2978 aarum
845 2930 940 2994 Margo
951 2929 993 2982 ed.
1005 2929 1096 2980 beree.
1108 2937 1137 2979 et
1150 2928 1265 2979 Gronov.
1280 2929 1352 2978 etiear

747 3071 857 3123 NOTAE

456 3143 465 3168 Ι

253 3195 299 3233 aen
310 3180 417 3232 minutia
427 3181 498 3232 nore
513 3189 573 3233 octo
584 3189 612 3234 at
626 3184 782 3249 qneoragtn·
821 3187 984 3254 totidemque
994 3203 1097 3240 mesum
1108 3188 1141 3239 ab
1152 3203 1256 3252 omaso,
1268 3187 1352 3238 donec

253 3265 292 3322 to,
303 3256 391 3307 dicere
403 3257 550 3309 debuisset:
567 3275 625 3309 curn
641 3260 713 3310 Luna
725 3269 781 3310 tau·
821 3262 1353 3320 Soliterumexoriatumrootiaeatirreat·

253 3333 361 3385 tundam
380 3334 492 3386 insumat
512 3337 597 3399 spatii,
615 3343 645 3386 nt
662 3335 695 3385 ad
713 3337 781 3388 idem
821 3352 872 3402 qne
883 3339 1006 3402 hybernae
1016 3338 1068 3389 diei
1078 3339 1153 3390 borea
1162 3337 1301 3388 duodecim
1308 3351 1353 3388 ne·

253 3409 393 3460 Meridlaol
404 3417 528 3473 punctum
540 3418 648 3474 remeet,
656 3411 725 3476 qnod
737 3412 782 3462 ubi
821 3427 894 3464 cesse
902 3421 943 3464 est
952 3428 1007 3464 erae
1015 3413 1189 3478 brevissimas,
1197 3420 1276 3478 etqua
1286 3413 1351 3464 adeo

253 3492 294 3534 eat
305 3492 434 3548 uaecota,
444 3483 550 3534 affluens
561 3487 639 3536 maria
651 3494 691 3537 eat
702 3488 781 3537 maxi·
821 3489 909 3553 piures
922 3490 1021 3540 illorum
1038 3490 1082 3539 nni
1098 3489 1168 3539 botre
1179 3489 1352 3554 aequinoctiali

252 3573 318 3610 orus.
821 3563 986 3627 respondere.
1020 3563 1105 3614 Horas
1124 3563 1252 3627 hybernas
1271 3561 1353 3614 soleae

284 3640 296 3667 ⁰
316 3635 349 3686 Ut
356 3633 495 3698 oaedlmate]
511 3635 609 3686 Credas
620 3635 735 3686 ancillari
748 3637 782 3687 si·
821 3638 953 3688 breviores
964 3639 1073 3689 Plautus
1091 3637 1200 3694 indicat,
1211 3639 1237 3688 in
1254 3639 1355 3689 Pseud.

253 3708 311 3766 dua,
321 3714 349 3758 et
358 3708 494 3773 indulgere
507 3709 580 3767 muri,
591 3716 682 3759 utnon
694 3709 727 3759 ab
739 3725 782 3761 ea·
822 3717 881 3763 w.
891 3715 931 3761 ro.
948 3713 1004 3763 ‘se
1022 3711 1108 3762 Credo
1117 3712 1239 3776 equidem
1247 3719 1354 3777 potesse

253 3783 312 3834 dem
332 3788 416 3846 parte,
438 3796 489 3847 qua
510 3783 603 3846 pridie,
625 3791 726 3847 pastum
748 3798 781 3834 ex
821 3794 858 3844 te,
874 3788 967 3848 scelus,
979 3787 1087 3837 Massici
1102 3788 1196 3836 montis
1210 3787 1353 3838 uberrimos

253 3860 360 3910 Oceano
381 3859 492 3907 baurist.
526 3857 592 3908 Haec
614 3873 677 3909 vero
697 3859 781 3923 politia
820 3871 930 3927 quatuor
943 3863 1053 3911 Fructus
1063 3861 1167 3911 ebibere
1179 3861 1205 3910 in
1218 3862 1280 3918 bora
1292 3876 1353 3912 nna.

251 3935 409 3988 venditando
420 3934 495 3998 ratio,
507 3947 558 3984 uon
566 3935 689 4000 physicis.
820 3939 868 3988 Pa.
878 3937 1014 4001 nyssena,
1023 3935 1123 3987 addito.
1145 3936 1186 3987 δι.
1198 3936 1278 3986 Hand
1286 3939 1353 3988 mele

284 4013 399 4061 detero
417 4010 443 4058 e'o
462 4007 513 4072 eus]
531 4009 597 4060 Cum
619 4010 686 4060 eninr
707 4011 778 4064 borae
819 4011 926 4062 mooea.’
958 4012 1067 4062 Frustra
1090 4016 1132 4060 eat
1157 4011 1354 4076 Delecempiua,

249 4085 302 4134 illu
320 4087 448 4149 vulgares,
466 4086 578 4148 exempli
596 4087 688 4151 gratim
706 4087 779 4138 lteli-
821 4101 869 4138 nec
880 4086 959 4137 Plinii
969 4093 1081 4135 mantum
1088 4092 1129 4135 est
1138 4097 1282 4150 assecutos,
1292 4103 1354 4139 eum

252 4173 301 4220 aa,
312 4160 349 4208 sio
360 4169 536 4224 numerentur,
544 4168 573 4212 nt
584 4163 618 4213 ab
630 4170 723 4214 exortu
733 4165 779 4214 So·
819 4159 1105 4226 legendumadmnnuit‚
1115 4161 1286 4224 Plereaiaeaa,
1294 4163 1355 4214 aab·

251 4233 283 4284 lia
292 4231 327 4282 ad
336 4245 454 4284 oceasum
466 4235 602 4288 duodecim
614 4253 670 4290 essa
679 4238 779 4304 lubeat,
819 4237 966 4301 intelligens
978 4235 1053 4286 maria
1062 4241 1149 4286 restra.
