3016 4876
468 759 924 896 ASERENISSIMO

301 1073 1114 1196 DELPHINO

386 1364 646 1441 LUDOVICI
680 1364 863 1440 MAGNI
898 1363 1040 1440 FILIO

189 1606 411 1676 JOANNFs
434 1609 742 1688 HARDUINUS,
766 1609 795 1674 E
816 1607 1081 1676 SOCIETATE
1100 1605 1226 1675 JESU.

834 1923 837 1932 ι

160 2105 369 2196 qusnsss
393 2152 499 2198 rorum
522 2140 647 2197 natum
670 2153 754 2216 opes
774 2135 836 2198 tibi
859 2131 973 2211 offero,
996 2133 1254 2197 Ssuuntssiuu

161 2233 386 2298 Danuuius:
410 2253 496 2317 quus
520 2253 597 2298 cum
611 2232 819 2318 Vespasiani
841 2233 911 2298 tilio
937 2235 1055 2318 majori
1080 2242 1159 2300 nutu
1183 2235 1256 2299 Pli-

159 2333 235 2398 nius
264 2334 437 2398 Secundus
463 2334 543 2398 olim
569 2335 709 2413 dicaret,
739 2334 873 2417 dignum
899 2334 1123 2418 Imperatoria
1147 2337 1255 2418 putris

162 2436 351 2520 majestate,
372 2433 507 2516 dignum
528 2435 701 2518 utriusqus
721 2435 856 2517 fastigio
871 2433 996 2500 donum
1016 2435 1150 2502 dedisse
1162 2436 1257 2502 visus

162 2541 224 2600 est.
268 2533 369 2598 Crsdi
392 2535 468 2599 aliis
493 2535 607 2618 utique
628 2541 757 2600 nuturae
771 2533 908 2600 divitius
927 2535 1021 2601 netas
1043 2537 1179 2600 omnino
1192 2541 1255 2615 usi,

162 2653 265 2716 qnam
280 2653 368 2718 quos
383 2640 509 2699 tutores
524 2635 680 2699 curandis
702 2635 897 2720 populorum
917 2637 1024 2713 bonis,
1048 2637 1255 2720 locupletan-

161 2735 281 2818 disqus
295 2734 502 2812 mortalibus,
515 2740 645 2801 ustnrae
656 2755 775 2820 parens
788 2742 822 2801 et
835 2741 951 2801 auctor
964 2737 1118 2802 instituit.
1155 2737 1257 2817 Quod

162 2837 192 2900 si
205 2844 402 2902 nascentem
423 2837 530 2921 primo
552 2837 640 2900 hunc
654 2837 760 2901 Plinii
772 2845 905 2921 partum
929 2838 1034 2903 dicari
1046 2839 1257 2922 potissimum

160 2935 286 3002 idcirco
300 2933 378 3002 Tito
387 2944 401 2971 ⁸
415 2935 574 3020 oportuit,
589 2935 686 3019 cujus
699 2937 759 3000 illu
772 2937 872 3002 fertur
884 2938 974 3003 iuter
988 2933 1161 3003 Palatinos
1175 2957 1266 3004 snus·

161 3056 229 3102 nox
241 3036 342 3121 plena
355 3036 511 3114 numinis,
522 3037 610 3101 diem
624 3056 661 3101 ss
675 3037 872 3121 perdidisse,
883 3043 952 3122 qno'
960 3037 1015 3102 dis
1025 3040 1189 3103 neminem
1198 3041 1257 3106 bs·

160 3139 282 3204 neiicio
298 3137 517 3203 devinxisset:
540 3143 666 3220 quanto
680 3157 768 3204 nunc
782 3139 869 3206 idem
884 3145 937 3204 nst
946 3139 1066 3223 potiori
1076 3140 1164 3225 jure,
1180 3161 1257 3205 cum

162 3237 295 3304 deterso
317 3238 475 3321 squalore
497 3237 623 3303 nitidus
646 3240 776 3316 iturum,
799 3246 836 3304 ut
851 3240 944 3319 olim,
964 3240 1112 3322 emergit,
1127 3241 1188 3305 dui
1204 3242 1258 3305 vul

163 3339 257 3404 Patri
270 3337 554 3422 nuncupandus:l
575 3358 713 3422 quornm
739 3340 914 3418 beneficis,
935 3340 1043 3425 (qnod
1065 3359 1141 3406 esso
1167 3363 1258 3408 sum-

162 3459 250 3504 mum
266 3446 380 3524 potest
395 3437 564 3523 Principis
580 3460 678 3523 aequu
692 3460 734 3506 nu
748 3442 957 3508 subditorum
972 3439 1117 3527 votum)
1137 3451 1173 3509 st
1196 3465 1257 3509 nu-

162 3556 254 3603 mero
269 3544 338 3602 tum
352 3539 456 3603 multu
479 3545 567 3617 sunt,
590 3548 627 3604 nt
649 3541 693 3605 iis
714 3541 824 3607 nullus
838 3561 905 3607 nou
918 3543 991 3608 dius
1006 3544 1124 3626 plenus
1138 3563 1258 3610 οιιοιιι-

162 3647 230 3706 rat:
252 3645 286 3704 st
304 3657 422 3722 genere
443 3657 506 3704 sno
520 3647 590 3705 tum
610 3641 764 3720 illustris,
789 3647 826 3706 nt
837 3642 954 3708 sudum
968 3644 1094 3727 ubique
1109 3647 1259 3728 praestitn

164 3739 313 3806 rudiunt!
358 3737 449 3819 Quid
464 3740 550 3804 suim
564 3748 695 3807 nsssrtu
707 3761 767 3826 per
782 3749 910 3826 putrem
931 3761 1053 3827 magno
1076 3747 1257 3829 proborum

166 3840 314 3908 omnium
328 3840 451 3924 plunsn
474 3841 602 3924 religio,
623 3862 692 3926 qna
714 3842 796 3906 nihil
809 3851 862 3908 est
875 3846 909 3909 in
924 3846 1015 3910 omni
1029 3847 1186 3913 bonorum
1201 3867 1258 3930 gs-

165 3942 498 4026 nsrspraestnntinsl
521 3945 601 4028 quid
617 3952 737 4010 eversa
761 3946 798 4009 in
819 3945 1109 4028 regni'viscsnlins
1124 3953 1174 4014 tot
1195 3951 1258 4013 im-

165 4044 303 4128 pietatis
319 4042 479 4107 delubrsl
502 4043 583 4128 quid
598 4065 695 4111 sncrn
707 4051 758 4111 tot
779 4046 812 4109 in
826 4045 974 4129 oppidis,
998 4046 1070 4112 sivo
1085 4048 1256 4132 subjectis,

309 4223 321 4248 ⁸
336 4213 444 4266 Suetus.
458 4217 485 4267 lu
494 4219 564 4284 Tito,
577 4233 634 4285 cup.
644 4233 715 4270 vnn
768 4221 781 4256 ¹¹
797 4219 912 4272 cassiod.
924 4222 1060 4286 spiutni.
1072 4228 1111 4273 11.

230 4311 317 4375 Dslpl.
327 4317 352 4364 st
366 4311 424 4364 l'sr.
433 4313 497 4365 Cius.
651 4316 755 4368 Plinius.
1167 4318 1191 4370 A
