3006 4874
433 417 568 468 sucuro
592 423 617 470 ι.
643 417 755 470 rium
781 422 963 473 crururrrr.
1197 415 1240 478 89

154 610 160 618 .
195 559 281 626 Post
294 565 574 632 communicatum
590 567 633 632 ab
649 567 856 650 Imperatore
870 569 1031 650 Antonio,
1054 573 1154 655 qu'ern
1176 573 1241 640 Ga·

152 661 309 728 rccnllam
337 662 445 730 suisne
474 669 621 733 nonnulli
646 668 834 751 prodidere,
858 675 990 738 cunctis
1011 675 1151 758 imperio
1176 693 1239 741 suo

153 760 318 845 subjectis
346 766 536 833 nationibus
562 769 747 836 Reum
768 777 946 854 civitatem,
959 775 1007 839 uti
1022 776 1238 860 Digestorum

151 865 237 930 libro
261 865 370 948 primo
397 869 447 932 tit.
470 868 599 948 Quinto
615 875 768 944 chtntu
786 881 967 945 Hominum
984 876 1151 960 Ulpianus
1162 899 1239 945 auc-

151 971 200 1031 tor
213 974 278 1043 cst,
299 969 472 1053 antiquum
497 973 685 1041 nominandi
709 979 938 1046 Romanorum
956 980 1238 1057 cousuetudinem,

150 1073 183 1130 et
202 1065 463 1150 Inscriptiouom
481 1073 642 1139 rationem
665 1077 803 1160 primam
823 1099 1029 1157 concussam,
1044 1085 1146 1162 atque
1161 1099 1239 1144 con·

150 1169 328 1248 turbatam,
354 1189 436 1237 mox
455 1174 552 1238 noris
566 1177 689 1242 ritibus
703 1183 826 1248 sensim
841 1201 917 1248 sese
933 1183 966 1246 iu
982 1200 1055 1246 carn
1069 1181 1238 1246 insinuau-

149 1271 240 1344 tibns
269 1272 446 1354 plurimum
475 1275 692 1357 immutatam,
721 1289 821 1367 utque
850 1283 1079 1359 adulteratum,
1103 1281 1237 1345 tandem

147 1391 285 1456 prorsus
301 1375 487 1441 extinctum
502 1376 689 1445 defecisse:
706 1390 807 1467 atque
822 1385 909 1457 ideo,
923 1385 952 1448 si
968 1387 1145 1466 quaesunt,
1160 1400 1236 1465 quae

147 1475 246 1539 nobis
268 1475 438 1542 edversmi
460 1478 699 1563 Inscriptioues
724 1484 908 1562 videantur,
930 1484 992 1549 bas
1007 1502 1083 1548 esse
1098 1484 1236 1566 imperio

27 1589 29 1592 ·
148 1572 335 1642 eumue
350 1580 554 1660 posteriores
568 1580 670 1646 facile
685 1587 805 1661 sentio,
823 1605 900 1651 cum
914 1605 966 1664 ca,
980 1584 1022 1648 dc
1034 1602 1101 1667 qna
1116 1583 1236 1661 licent,

146 1679 182 1742 in
194 1677 341 1744 Plinium
355 1679 525 1746 Seniorom
541 1683 703 1750 reseratur
717 1687 795 1769 plus
810 1707 875 1752 uno
889 1686 1014 1754 sacculo
1029 1685 1235 1749 anteriorem.

148 1777 272 1844 Dicere
291 1799 429 1862 possem
453 1781 505 1846 de·
514 1783 637 1850 Tribus
650 1787 832 1852 omissione
847 1789 955 1872 deque
970 1787 1044 1851 aliis
1058 1785 1235 1861 nonnullis,

147 1880 272 1963 quibus
294 1879 337 1944 de
361 1880 449 1947 salsa
464 1883 696 1967 Inscriptiouis
711 1889 976 1972 interpretatione
987 1886 1168 1952 adversarii
1183 1904 1236 1950 nr·

145 1990 318 2062 guuntur3
342 1989 452 2047 tamen
478 1985 568 2068 quod
594 1987 664 2052 ullo
690 1990 829 2054 rationis
854 1991 908 2055 vel
934 2009 1051 2054 sensns
1075 1987 1235 2071 prsesitlio

145 2085 283 2166 probari
312 2083 441 2148 inficior
466 2105 578 2168 posse,
602 2089 669 2153 boc
692 2109 753 2173 ego
775 2092 845 2158 illis
865 2092 1023 2169 concedo,
1037 2090 1102 2154 boc
1114 2090 1237 2170 largior

144 2204 234 2264 eum,
256 2185 315 2269 qni
329 2185 476 2250 Verunae
492 2187 751 2272 Inscriptiouem
765 2193 851 2274 patri
869 2211 911 2257 ac
925 2193 1020 2257 matri
1034 2197 1235 2254 testamento

146 2285 218 2350 lieri
228 2286 343 2370 Jussit,
358 2285 399 2350 C.
415 2287 561 2352 Plinium
572 2289 762 2357 Secundum
777 2295 953 2358 extitisse:
975 2311 1088 2360 veram
1099 2309 1174 2354 csse
1185 2289 1237 2354 iu·

145 2389 427 2470 terpretntiuuem,
440 2407 507 2454 non
522 2391 722 2470 simulatam,
735 2412 799 2458 uon
813 2393 924 2460 fictam
940 2393 1101 2473 admitt03
1116 2400 1153 2456 et
1166 2389 1237 2457 Pli-

144 2487 237 2552 nium
248 2489 413 2572 qnendnm
424 2493 510 2574 (non
525 2491 618 2556 illum
628 2499 775 2558 nostrum
788 2493 995 2562 Naturalium
1008 2493 1235 2558 Historiarum

144 2587 356 2674 scriptorem)
376 2591 482 2656 fuisse
507 2594 585 2659 rolo
610 2593 845 2674 Veronensum,
860 2597 944 2661 sorte
960 2597 1071 2660 nescio
1085 2611 1184 2678 quem
1196 2595 1236 2657 il·

143 2691 213 2756 lum
242 2699 385 2775 utroque
416 2693 528 2759 Plinio
551 2703 658 2779 patre,
677 2703 710 2762 ct
728 2697 797 2761 filio
817 2695 979 2782 adoptivo
1002 2697 1108 2761 multo
1121 2695 1236 2778 junio·

143 2811 224 2870 reru,
243 2793 302 2876 qni
323 2812 364 2857 nc
379 2794 520 2859 medicis
534 2803 681 2860 uteretur
695 2798 760 2862 sibi
775 2799 817 2862 dc
829 2817 864 2862 ro
878 2798 1009 2862 medica
1022 2798 1126 2861 libros
1141 2799 1238 2880 quin·

144 2913 209 2978 qne
235 2895 458 2978 consempsit:
480 2897 526 2961 sit
550 2897 605 2962 bic
629 2898 688 2962 ille
708 2898 944 2976 suusPliuius
968 2896 1151 2972 Secundus,
1175 2897 1234 2968 iile

143 3015 227 3062 suus
238 2995 367 3078 Augur,
382 2996 478 3079 cnjus
488 2998 680 3080 prestigiis,
691 3018 758 3064 nou
770 2999 971 3064 certioribus
982 2997 1184 3082 argumentis
1198 2999 1235 3063 in

143 3096 316 3182 eripiendo
340 3097 439 3162 nobis
468 3097 577 3164 Plinio
599 3107 716 3164 nostro
743 3119 819 3165 cnm
845 3101 996 3165 Pantheo
1019 3099 1169 3163 fautores
1184 3101 1237 3164 nsi

145 3205 242 3265 sunt:
266 3197 365 3283 bujus
391 3197 440 3264 illi
465 3201 662 3265 accessione
683 3201 874 3283 glorientur,
896 3207 931 3266 ct
952 3201 1034 3266 viris
1049 3200 1235 3264 illustribus

144 3304 227 3378 nnis,
242 3307 387 3366 nestrum
401 3302 530 3365 nemine
545 3301 753 3378 adversante,
768 3308 883 3367 curent
900 3301 1191 3368 annumerandum.

145 3429 148 3434 ·
185 3402 301 3486 Atque
326 3401 484 3466 hactenns
507 3403 673 3486 potiorum
689 3403 837 3469 adversae
852 3403 958 3486 partis
971 3411 1233 3483 argumentorum

143 3503 276 3570 melicos
290 3501 475 3567 convellere
495 3502 615 3580 iustiti,
629 3502 722 3586 quod
738 3503 817 3568 mibi
832 3503 947 3567 videor
960 3501 1089 3567 abunde
1104 3504 1233 3586 praesti·

142 3607 237 3673 tissa.
282 3602 351 3681 Qui
365 3603 515 3688 reliquus
531 3612 584 3667 est
598 3621 715 3667 cursus
727 3603 808 3668 mibi
823 3623 890 3668 nou
903 3601 1005 3668 modo
1026 3603 1149 3682 facilis,
1172 3607 1232 3670 sed

142 3705 324 3792 persenilis,
350 3723 392 3770 ae
416 3705 674 3789 compendiosus
689 3705 883 3782 ostenditur,
896 3710 1027 3789 promta
1043 3705 1086 3768 ad
1101 3705 1233 3788 singula

141 3808 331 3892 responsio,
345 3811 379 3870 ct
390 3807 535 3871 omnium
551 3805 712 3889 expedita
727 3808 925 3872 confutatio.
954 3805 1045 3871 Nam
1059 3806 1152 3889 qnod
1162 3806 1232 3870 Pli-

141 3911 219 3974 nius
228 3908 252 3974 J
253 3908 346 3974 unior
359 3906 476 3972 ‘snos’
489 3905 716 3987 veronenses,
726 3915 761 3974 et
772 3907 941 3975 Catullum
951 3905 1080 3972 ‘suum’
1090 3907 1231 3970 diversis

72 3999 80 4018 ⁸
141 4015 176 4079 iu
198 4011 285 4076 locis
307 4009 536 4093 appellaverit,
556 4017 731 4094 utrumque
747 4011 871 4075 dictum
884 4011 927 4075 ab
941 4028 984 4075 eo
998 4015 1052 4072 est
1062 4005 1160 4071 modu
1174 4006 1232 4072 eu*

141 4114 229 4191 dem,
249 4131 320 4196 quo
348 4109 628 4176 ‘Contemuneum
654 4131 749 4176 suum
763 4112 771 4140 ¹
787 4110 954 4176 Catullum
969 4107 1100 4174 Plinius
1116 4105 1231 4176 Senior

141 4214 289 4290 rennuit,
304 4209 457 4296 ejusdem
474 4213 655 4296 provincie
671 4213 827 4290 incolam,
844 4218 945 4298 atque
958 4210 1001 4274 ab
1016 4207 1128 4274 eudem
1140 4227 1228 4294 prm·
