3016 4876
264 396 307 460 50
605 403 653 454 nn
675 405 707 452 c.
731 401 850 450 aarum
877 397 1017 448 errare

265 554 350 618 alios
365 553 398 616 in
414 550 525 631 fugam
541 553 683 622 vertunt,
699 543 849 608 excitant
863 540 979 618 illumj
994 537 1129 602 innixus
1141 537 1271 600 duobus
1286 555 1356 600 ser-

264 655 317 719 vis
334 651 525 726 assurrexit,
541 655 576 712 ct
585 648 699 712 statim
714 643 871 721 concidit,
889 651 927 706 ut
941 635 1003 722 eg'o
1019 639 1182 722 conjecto,
1194 640 1356 702 crassiore

265 753 405 834 caligine
419 752 538 834 spiritu
554 750 732 822 obstructo,
754 745 938 826 clausoque
953 739 1136 816 stomacho,
1159 738 1218 822 qui
1236 739 1286 802 ilfi
1301 755 1355 800 na·

263 863 339 918 tura
354 851 529 928 invalidus,
542 859 577 914 et
590 854 761 932 angustus,
772 851 805 910 et
819 845 1005 928 frequenter
1019 844 1253 906 interestuaus
1264 835 1356 905 eur:

263 954 339 1019 Nec
361 972 437 1017 vero
452 952 549 1016 valde
564 967 782 1024 commoveor,
797 945 889 1030 quod
909 944 1015 1008 multa
1033 942 1076 1006 de
1091 941 1187 1006 exitu
1206 959 1227 1004 a
1242 938 1356 1004 Plinio

262 1054 403 1118 Juniore
424 1053 547 1134 scripta
569 1049 741 1132 fragmenti
756 1044 1098 1128 auctorpraeterierit:
1121 1061 1252 1106 omnem
1267 1039 1355 1104 enim

263 1154 494 1220 difficultatem
510 1151 628 1216 eadem
651 1148 807 1230 Epistola
822 1142 924 1210 Plinii
939 1143 1070 1220 adimit,
1097 1144 1133 1206 in
1147 1144 1243 1227 cujus
1260 1140 1355 1205 calce

261 1256 335 1320 haec
345 1256 514 1338 leguntur:
531 1257 543 1286 ‘
557 1249 689 1327 Omnia,
704 1249 826 1330 quibus
839 1245 1058 1321 interfueram,
1074 1261 1217 1326 quaeque
1228 1241 1355 1317 stetim,

173 1359 178 1373 '
262 1367 338 1421 cuin
351 1357 495 1419 maxime
510 1371 588 1416 vera
604 1355 832 1425 memorantur,
848 1347 1049 1421 audiveram,
1060 1363 1140 1408 vere
1155 1349 1352 1426 persecutus

263 1474 357 1533 sum3
379 1461 415 1520 tu
440 1453 620 1538 potissima
646 1469 829 1532 excerpas:
860 1447 953 1514 aliud
975 1453 1028 1510 est
1047 1445 1133 1510 enim
1156 1443 1353 1527 Epistulam,

262 1557 352 1622 aliud
365 1555 564 1631 Historiam,
575 1552 666 1617 aliud
679 1552 800 1628 amico,
813 1549 903 1614 aliud
914 1548 1067 1612 omnibus
1081 1543 1247 1612 scribere?
1270 1543 1355 1626 Opi-

260 1658 351 1721 nioni
366 1663 491 1720 nostrae
507 1654 593 1718 libro
608 1671 739 1734 quoque
757 1651 981 1733 Epistolarum
995 1649 1138 1731 septimo
1153 1647 1285 1712 Plinius
1303 1645 1353 1709 fa-

261 1759 319 1834 vit,
333 1757 456 1822 Tacito
473 1754 719 1820 modestissime
734 1753 937 1828 desiderium
960 1749 1162 1833 significans,
1177 1767 1245 1831 quo
1260 1753 1350 1811 teue-

260 1866 359 1934 retur,
375 1877 411 1922 se
427 1863 464 1921 ut
485 1855 557 1919 suis
580 1854 744 1918 Historiis
763 1853 930 1929 insereret,
953 1869 1040 1932 quas
1061 1848 1268 1914 immortales
1281 1847 1352 1910 fore

261 1961 484 2038 auguraretur.
514 1954 633 2030 Porro,
645 1959 764 2037 praeter
771 1953 933 2030 Annales,
948 1952 1118 2033 Agricolae
1132 1951 1247 2026 vitam,
1256 1955 1291 2013 et
1305 1947 1348 2014 de

261 2056 371 2121 Claris
399 2054 595 2120 Oratoribus
621 2053 884 2136 disputationem
913 2073 934 2117 a
959 2052 1080 2116 Tacito
1108 2050 1282 2125 babemus,
1308 2066 1350 2112 ac

258 2158 422 2240 legimus;
452 2177 494 2220 ue
517 2156 675 2218 miremur
696 2173 782 2230 eum,
808 2155 864 2237 qui
887 2155 960 2219 baec
977 2153 1111 2236 scriptis
1131 2151 1350 2234 consignavit,

258 2257 360 2322 Plinii
376 2257 523 2322 Senioris
539 2255 655 2320 Vitam
668 2254 772 2318 literis
788 2253 947 2318 mandare
961 2253 1128 2335 potuisse,
1143 2252 1202 2334 qui
1217 2271 1253 2314 se
1266 2269 1351 2334 prae·

257 2357 370 2422 sertim
392 2359 487 2434 ultro,
504 2364 541 2420 ut
556 2356 715 2431 diximus,
730 2355 773 2418 de
793 2353 874 2418 Vita
888 2355 995 2437 patris
1010 2359 1044 2416 et
1062 2352 1220 2417 avunculi
1242 2352 1348 2434 scrip·

256 2465 366 2524 turum
380 2477 455 2521 esse
477 2455 587 2520 Plinio
607 2455 757 2520 amicitia
772 2453 1047 2536 conjunctissimo
1061 2453 1234 2536 pollicitus
1249 2457 1348 2517 esset.

257 2557 326 2620 Sed
343 2577 422 2620 vero
438 2558 494 2620 ubi
509 2555 667 2620 Tacitum
680 2554 782 2639 hujus
796 2553 972 2636 fragmenti
994 2562 1164 2618 auctorem
1181 2553 1347 2634 quispiam

258 2677 336 2721 esse
359 2656 531 2738 negaverit
553 2674 574 2719 a
601 2657 739 2734 ratione,
765 2656 819 2720 vel
842 2654 1060 2720 similitudine
1084 2654 1166 2730 veri,
1192 2653 1349 2734 opinione

256 2775 332 2820 mea
346 2775 413 2818 nou
427 2755 524 2819 fuerit
539 2755 695 2830 alienum,
710 2773 845 2836 prorsus
862 2775 906 2818 ex
917 2754 1047 2820 Titinio
1061 2751 1236 2836 Capitone,
1249 2771 1348 2835 quem

156 2853 159 2859 '
257 2855 299 2920 de
315 2854 409 2919 Viris
432 2853 621 2918 Illustribus
645 2854 822 2936 scripsisse
842 2855 976 2918 Plinius
995 2853 1116 2918 Juuior
1130 2854 1173 2918 ad
1188 2853 1346 2920 Minatia-

256 2976 335 3020 num
347 2961 461 3020 auctor
474 2961 535 3032 est,
551 2955 614 3020 boc
628 2974 781 3020 manasse
793 2977 802 3019 ι
824 2956 874 3019 sic
888 2956 974 3019 enim
987 2956 1037 3020 ait
1046 2955 1131 3019 libro
1141 2954 1249 3038 Epist.
1265 2969 1347 3018 vrit.

257 3056 405 3120 ‘Scribit
419 3057 534 3120 exitus
551 3055 737 3120 illustrium
753 3053 920 3133 Virorum,
934 3057 968 3119 in
985 3056 1029 3118 iis
1044 3055 1249 3138 quorundam
1264 3055 1346 3120 mibi

255 3156 513 3220 carissimorum.
556 3154 681 3219 Videor
696 3174 773 3236 ergo
792 3155 887 3236 fungi
906 3156 965 3237 pio
979 3173 1124 3233 munere,
1139 3173 1344 3238 quorumque

255 3256 419 3338 exequias
433 3257 596 3320 celebrare
609 3274 673 3318 non
688 3255 796 3332 licuit,
811 3256 926 3320 borum
943 3255 1042 3338 quasi
1062 3254 1257 3320 funebribus
1271 3256 1345 3322 lau·

255 3357 462 3432 dationibus,
478 3357 560 3420 seris
571 3356 717 3439 quidem,
732 3356 792 3420 sed
808 3361 901 3421 tauto
921 3357 1028 3437 magis
1043 3356 1143 3431 veris,
1161 3353 1346 3420 interesse?

256 3454 306 3520 Ut
320 3457 355 3519 in
370 3476 480 3539 pauca
496 3457 677 3532 conferam,
690 3466 757 3519 non
772 3455 902 3532 dubito,
916 3455 947 3518 si
961 3454 1138 3536 fragmenti
1152 3459 1268 3519 auctor
1279 3473 1346 3519 uon

256 3563 310 3618 ast
333 3556 527 3626 Suetonius,
551 3557 727 3639 abaliquo
752 3563 860 3620 tamen
884 3575 959 3619 esse
988 3555 1174 3638 profectum
1205 3556 1344 3637 antiquo

254 3654 428 3736 scriptore,
442 3655 483 3717 de
497 3674 566 3737 qno
582 3675 623 3719 an
640 3655 738 3720 fuerit
749 3655 900 3732 Tacitus,
915 3656 970 3719 vel
985 3656 1131 3721 Titinius
1144 3654 1279 3739 Capito,
1294 3656 1344 3718 ui·

253 3753 301 3817 bil
318 3760 438 3818 temere
452 3761 584 3818 statuo:
599 3763 757 3833 vestrum,
770 3754 904 3833 Patres,
919 3761 991 3820 esto
1000 3755 1179 3839 judicium:
1196 3755 1275 3820 mibi
1289 3775 1344 3821 sa·

255 3855 298 3920 tis
321 3862 373 3921 est
390 3855 564 3920 nonnullas
583 3855 790 3939 conjecturas
808 3857 903 3922 robis
922 3857 1103 3922 indicasse.
1148 3856 1250 3935 Quod
1267 3878 1344 3925 maa

254 3959 404 4034 interest,
425 3957 489 4020 boc
504 3974 693 4039 persequar,
708 3975 786 4020 esse
797 3975 849 4021 me
862 3977 970 4040 prope
981 3959 1053 4042 jam
1062 3964 1198 4036 cenum,
1212 3979 1276 4026 non
1292 3961 1342 4024 di·
1370 4011 1378 4025 .

255 4078 328 4122 cam
344 4077 416 4132 vos,
430 4057 559 4135 Patres,
574 4057 633 4121 sed
657 4057 757 4122 hosce
775 4058 974 4124 lectissimos
996 4057 1236 4137 adolescentes,
1251 4067 1286 4124 et
1309 4062 1341 4124 iu

255 4177 359 4226 causa
373 4158 435 4222 bac
450 4165 565 4224 nostra
580 4177 708 4241 magnae
728 4159 933 4226 auctoritatis
949 4179 1023 4224 esse
1042 4159 1104 4226 boc
1125 4159 1341 4243 fragmentum
