3006 4874
270 341 334 408 118
613 361 660 407 un
684 361 715 408 c.
739 359 858 410 rururr
885 363 1023 412 rurarr

270 509 328 575 sed
341 509 429 573 inani
439 506 549 574 studio
560 513 593 572 et
606 508 820 591 inquisitione
829 527 1008 574 causarum
1019 511 1232 593 occupantur.
1265 513 1358 580 illud

269 632 351 676 vcro
369 609 516 674 maxime
537 607 709 692 utriusque
730 609 879 673 aucturis
899 608 1102 674 diversitatis
1115 628 1178 674 nus
1193 612 1360 691 admouet,-

270 713 359 798 quud
374 712 407 775 iu
423 710 516 774 initio
530 710 641 772 statim
667 707 767 793 hujus
787 709 902 792 partis,
919 728 1020 792 qnam
1042 711 1249 793 aptioribus
1263 715 1358 780 libris

269 811 522 896 disjungendum
540 809 778 893 judicavimus,
806 808 880 873 haec
902 809 1108 874 scribantur:
1130 811 1208 875 ‘Dc
1230 815 1358 880 anima·

269 913 358 978 libus
376 914 466 976 virus
492 910 749 994 ejaculantibus,
772 915 804 973 et
824 909 1076 975 medicamentis
1095 913 1292 995 perniciosis
1308 917 1358 980 id-

271 1016 362 1079 circo
384 1013 527 1077 scribere
543 1011 760 1093 aggredimur,
776 1029 843 1093 quo
858 1016 928 1075 tuta
943 1013 1129 1076 curationis
1149 1018 1183 1077 et
1198 1015 1358 1080 remediu-

270 1135 340 1179 rum
352 1115 460 1178 uratio
472 1109 686 1177 absolvatur!
713 1109 800 1188 Quae
814 1109 909 1196 (quis
921 1131 986 1175 nou
1002 1112 1131 1195 videti)
1147 1114 1361 1181 Praefatiunis

270 1213 446 1298 cujusdam
470 1214 680 1297 principium,
703 1230 743 1276 ac
772 1214 984 1295 praemunitio
1014 1215 1166 1297 quaedam
1190 1220 1357 1299 posterius

268 1316 578 1397 dicendorumque
600 1315 713 1389 lectur,
735 1312 825 1395 qnod
840 1313 875 1376 iu
894 1313 948 1376 his
970 1314 1065 1392 solet,
1081 1321 1224 1379 attentus
1238 1317 1358 1382 redda-

270 1424 335 1492 tur,
348 1415 438 1499 quod
454 1417 526 1479 fieri
541 1415 651 1479 medic
678 1416 711 1478 in
725 1414 812 1479 libro
835 1433 901 1478 non
922 1415 1090 1491 convenit,
1111 1418 1255 1480 maxime
1277 1438 1357 1486 reru

271 1518 480 1583 Dioscuridis
506 1539 549 1584 ex
571 1517 839 1602 precedentibus
869 1517 1014 1580 insoleus
1034 1537 1106 1582 esse
1135 1519 1275 1598 videtur,
1295 1521 1355 1584 sed

270 1627 412 1703 utruque
427 1621 560 1684 nomine
575 1637 671 1683 nuvae
688 1617 897 1692 tractationis
923 1617 1195 1700 significationem
1216 1623 1355 1704 prabet,

270 1722 428 1802 quocirca
453 1721 540 1785 idem
565 1739 641 1784 esse
670 1738 736 1783 uun
759 1725 882 1803 potest,
906 1721 976 1802 qni,
996 1727 1033 1785 nt
1054 1722 1202 1804 proxime
1222 1723 1358 1787 diceba-

269 1841 358 1899 mus,
373 1823 426 1885 sui
449 1823 561 1904 operis
585 1826 844 1898 extremumue,
862 1840 939 1905 quas
963 1821 1154 1904 proecednut
1173 1822 1259 1887 hanc
1280 1843 1358 1906 par-

270 1934 348 1999 tem,
369 1924 594 1988 constituerat.
638 1921 825 2000 Addamus,
840 1923 928 2006 quod
955 1922 1110 2004 equidem
1135 1924 1245 2001 miror,
1259 1924 1358 1988 nubi-

269 2023 415 2087 lissimus
430 2024 641 2088 Dioscuridis
666 2023 868 2105 interpretes
887 2041 956 2086 nun
973 2022 1244 2087 animadvertisse
1255 2024 1291 2086 iu
1305 2024 1357 2088 his

268 2124 391 2199 verbis,
405 2123 448 2188 de
462 2122 710 2188 medicamentis
724 2124 920 2204 perniciosis
935 2125 1006 2186 sive
1015 2124 1151 2188 venenis
1173 2143 1210 2188 se
1231 2130 1356 2189 tracta·

270 2229 380 2289 turum
390 2243 464 2289 esse
476 2224 655 2289 Auctorem
668 2223 830 2307 polliceri,
843 2222 931 2308 qnod
941 2225 976 2288 in
989 2242 1077 2300 eum,
1087 2225 1142 2306 qui
1153 2225 1352 2290 librumsex·

269 2331 350 2401 tum,
366 2332 400 2389 et
420 2345 494 2389 earu
516 2331 644 2408 partem
661 2324 819 2402 condidit,
841 2343 918 2408 quae
934 2323 1033 2389 docet
1047 2324 1213 2390 exhaustu
1228 2345 1355 2391 vesunu

269 2426 473 2509 periclitanti
497 2424 681 2499 subvenire,
698 2423 808 2489 reterri
824 2444 891 2488 nou
905 2430 1029 2507 potest,
1045 2427 1126 2509 quin
1140 2425 1282 2490 eundem
1298 2433 1356 2491 aut

269 2528 359 2589 omni
382 2525 540 2589 memoria
563 2524 755 2589 destitutum
776 2524 951 2602 faciamus,
974 2533 1031 2591 ant
1051 2527 1355 2609 repetitaveueno·

270 2645 342 2689 rum
367 2626 536 2692 curatione
559 2624 710 2706 desipere
736 2623 887 2701 velimus,
909 2644 1011 2707 quem
1034 2627 1087 2691 vel
1108 2628 1172 2691 huc
1198 2627 1355 2710 praesidio

270 2727 354 2790 tueri
366 2745 581 2810 nequeamus,
590 2731 629 2788 nt
642 2725 844 2788 mentionem
859 2745 1057 2790 venenorum
1067 2727 1132 2791 lruo
1145 2730 1220 2792 locu
1234 2729 1278 2792 al>
1294 2730 1355 2792 irn-

268 2827 376 2909 peritu
405 2826 516 2909 aliquo
540 2825 728 2888 accessisse
757 2823 920 2904 dicamus,
949 2847 1025 2892 cnm
1050 2828 1152 2911 paulu
1181 2829 1354 2912 posthaec

268 2925 530 3010 verbarepetita
544 2923 586 2988 de
600 2923 766 2988 divisione
793 2927 866 2991 haec
889 2947 910 2991 a
935 2929 1115 3014 suscripta
1139 2929 1290 3008 fateatur,
1304 2934 1355 2995 iu-

269 3031 403 3113 quiens:
425 3025 539 3090 ‘Hasc
566 3032 679 3090 auteur
699 3025 829 3092 duabus
852 3031 988 3094 summis
1011 3031 1173 3113 partibus,
1189 3033 1290 3098 sicuti
1311 3035 1354 3099 ab

266 3130 366 3196 initio
392 3128 548 3206 diximus,
575 3127 772 3205 continetur,
801 3149 869 3194 nna
894 3151 1006 3196 eurum
1031 3133 1170 3197 deseris
1193 3153 1353 3200 venenum

268 3231 493 3295 emittentibus
519 3237 582 3307 est,
597 3249 698 3313 quarn
719 3231 915 3298 Theriacam
930 3240 1065 3312 uocant,
1082 3235 1242 3300 alterode
1257 3256 1355 3300 verre·

268 3333 332 3410 uis,
349 3351 426 3415 quae
440 3331 725 3416 Alexiplrarmaca
738 3330 917 3397 dicuutur!
958 3333 1042 3400 Post
1057 3354 1168 3418 pauca
1181 3336 1354 3420 utriusque

266 3435 373 3517 partis
399 3435 431 3497 in
446 3433 533 3497 huuc
555 3431 690 3497 modum
715 3454 828 3499 rursus
850 3436 973 3500 mentio
987 3435 1043 3500 fit:
1068 3435 1206 3502 ‘Pauca
1219 3440 1353 3504 omnino

267 3543 357 3613 suut,
372 3553 504 3600 cnmex
528 3535 721 3600 animalium
735 3555 881 3607 numeru,
897 3549 968 3600 tum
982 3556 1026 3601 err
1049 3538 1187 3601 venenis
1207 3540 1353 3606 exitiali·

265 3636 339 3712 bus,
361 3654 438 3718 ques
460 3635 612 3718 pericula
633 3656 697 3700 sua
714 3637 748 3701 iu
769 3638 904 3719 longum
919 3637 1123 3721 protrahant,
1140 3639 1195 3702 vel
1208 3643 1354 3722 seguiter

266 3737 393 3820 agema
408 3734 582 3801 differant!
624 3739 667 3802 Et
691 3739 796 3802 alteru
826 3739 903 3802 luco
927 3739 1105 3822 proximu:
1125 3739 1215 3803 ‘Sed
1237 3745 1353 3825 etqui

265 3839 351 3904 ultro
362 3857 524 3902 venenum
539 3837 720 3916 hauserint,
730 3839 761 3902 si
775 3837 857 3903 tacti
872 3840 1043 3922 poeuiteat,
1058 3847 1091 3904 et
1103 3839 1170 3904 sibi
1183 3843 1352 3907 subreniri

264 3941 446 4024 postulent,
472 3939 638 4004 celeritate
658 3942 805 4005 maxima
820 3959 905 4022 opus
926 3939 996 4004 est!
1039 3940 1154 4006 Taceo
1167 3942 1259 4024 quod
1274 3945 1353 4008 item

264 4044 413 4125 protinus
434 4043 478 4107 ab
503 4043 546 4106 iis
565 4042 749 4106 meminerit
761 4043 960 4123 sagittarum
974 4061 1103 4108 veneno
1119 4044 1353 4110 delibutarum.

268 4143 358 4208 Nam
374 4143 579 4209 evidentiora
594 4150 681 4223 suut,
707 4162 783 4226 quae
798 4162 903 4228 prope
919 4143 1041 4228 capitis
1057 4145 1184 4212 calcem
1200 4147 1352 4216 scribun-
