3016 4876
267 356 311 420 ts
386 449 387 452 Ἴ
608 375 657 423 ne
680 377 712 425 o.
737 377 855 426 aarum
881 379 1020 428 aarum

269 515 378 580 animo
393 515 508 593 luisse,
532 523 571 580 ut
595 522 687 584 tenta
710 521 837 603 injuriae
861 521 1095 604 propulsandae
1110 507 1214 586 carisa
1229 519 1355 584 hiscere

268 635 335 680 non
356 617 510 682 auderetl
538 624 605 682 tam
628 620 856 703 impudentem
876 621 1083 699 Suetonium,
1105 631 1144 686 ut
1170 639 1247 685 eum
1273 621 1356 684 tanti

269 719 434 782 mendacii
447 737 512 783 non
523 721 689 802 puderetl
706 721 798 799 Hac,
812 721 943 798 Patres,
953 723 1147 805 conjectura
1157 724 1256 788 valde
1266 741 1357 788 com·

270 839 407 884 moveor
420 820 462 885 ad
478 821 675 884 credendum
690 822 734 885 ab
748 823 834 885 omni
855 821 1021 904 ejusmodi
1040 825 1186 900 crimine,
1201 822 1293 906 quod
1309 823 1357 886 illi

270 921 442 986 Pentheus
468 922 602 1005 objecit,
630 923 822 987 Suetonium
849 925 978 1005 penitus
1007 925 1149 988 liberum
1178 925 1356 989 extitisse:

271 1025 329 1087 sed
350 1024 408 1087 illa
424 1023 579 1100 maxime,
606 1024 695 1104 quod
719 1043 867 1100 causam,
894 1025 939 1088 ob
950 1044 1061 1116 'quam
1077 1031 1133 1089 aut
1148 1024 1280 1088 Plinius
1295 1025 1318 1090 J
1321 1043 1358 1088 u·

271 1123 420 1189 niorsibi
442 1123 477 1186 in
502 1125 657 1188 avunculi
681 1125 788 1207 patria
812 1125 986 1190 reserenda
1009 1127 1203 1190 Suetonium
1231 1125 1359 1190 adulari

271 1225 510 1306 concupiverit,
525 1225 627 1287 antis
643 1225 690 1288 illi
699 1225 847 1290 debuerit
868 1228 1039 1303 assentari,
1055 1245 1120 1288 non
1134 1224 1230 1290 video
1246 1226 1359 1304 ullam,

272 1325 334 1387 nisi
349 1343 436 1400 eam,
450 1343 527 1406 quae
541 1323 748 1407 ineptissima
768 1332 801 1390 et
815 1326 1051 1392 absurdissima
1065 1330 1129 1402 est,
1144 1326 1235 1408 quod
1249 1345 1360 1390 eornm

272 1425 365 1501 alter,
390 1434 450 1489 aut
463 1433 612 1508 uterque,
634 1447 675 1490 ex
697 1425 815 1508 patriae
831 1426 1022 1490 diversitate
1037 1425 1230 1490 nonnullam
1246 1426 1358 1490 Plinio

273 1524 403 1588 Seniori
424 1527 681 1589 existimationis
707 1526 936 1590 accessionem
956 1531 1014 1590 aut
1035 1526 1262 1590 decessionem
1289 1526 1361 1590 lieri

273 1625 495 1702 arbitraretur,
518 1627 641 1707 quaein
657 1626 802 1690 Plinium
817 1625 841 1689 J
843 1627 989 1690 uniorem
1004 1623 1214 1691 redundaret,
1259 1625 1361 1704 Quod

274 1747 336 1808 ego
352 1726 418 1790 diei
433 1745 498 1789 non
515 1728 622 1808 patiar
629 1727 692 1790 hoo
708 1727 785 1790 loco
800 1747 861 1810 pro
875 1727 1130 1806 Veronensibus,
1145 1733 1178 1791 et
1192 1728 1363 1809 amplissi-

275 1845 330 1890 ma
341 1826 448 1890 Italiae
465 1827 600 1890 civitate
610 1826 747 1891 libenter
760 1835 928 1891 certamen
937 1827 1098 1892 adversus
1114 1847 1175 1892 eos
1182 1830 1362 1905 subiturus,

275 1927 333 2008 qui
350 1927 494 1991 Plinium
511 1927 677 1991 Seniorem
690 1929 949 1995 existimationis
961 1947 1031 1994 suae
1048 1927 1362 1994 nonnullamlacere

270 2027 438 2108 jacueram
468 2026 627 2090 affirmare
651 2030 725 2094 ausi
748 2030 872 2093 luerint
895 2030 938 2092 ob
954 2031 1105 2111 patriam
1131 2029 1309 2105 Veronam,
1330 2035 1365 2093 et

274 2127 487 2210 splendorem
508 2127 531 2192 J
535 2129 661 2192 unieris
683 2130 926 2212 quadamtenus
950 2132 1014 2195 boo
1034 2133 1164 2195 nomino
1178 2130 1363 2206 obscurari,

274 2228 366 2312 quod
381 2229 454 2309 lege
469 2234 593 2310 patrem
611 2229 761 2294 habuerit
775 2230 1013 2305 Veronensem,
1029 2231 1088 2311 qui
1107 2238 1225 2294 natura
1248 2229 1365 2294 Novo·

276 2331 441 2394 comensis
463 2337 563 2392 osset.
609 2329 650 2392 In
663 2349 736 2412 quta
755 2349 818 2410 ogo
833 2349 911 2393 curn
933 2331 1054 2395 oculos
1074 2331 1192 2406 infero,
1207 2338 1242 2393 et
1262 2331 1365 2394 intro-

277 2430 387 2511 spicio
406 2429 609 2510 diligeutius,
624 2429 724 2509 longe
745 2449 766 2492 a
780 2428 935 2493 Suetonii
955 2429 1114 2505 moribus,
1137 2429 1181 2490 ab
1205 2429 1364 2509 opinione

276 2530 378 2594 Plinii
392 2528 415 2593 J
418 2529 553 2606 unioris,
569 2529 612 2592 ab
629 2527 716 2592 illius
732 2529 846 2592 saeculi
857 2529 1046 2611 imperantis
1057 2527 1193 2609 Trajani
1204 2527 1365 2605 libertate,

275 2630 349 2693 baec
364 2628 474 2692 aliena
488 2647 562 2690 esse
574 2628 733 2710 intelligo.
757 2628 864 2693 Abest
873 2649 894 2692 a
906 2631 1055 2704 ueritate,
1067 2627 1243 2708 plurimum
1257 2626 1366 2704 abest,

278 2736 315 2793 ut
339 2731 391 2793 vcl
411 2729 466 2792 ille
491 2738 559 2791 tam
583 2730 721 2811 turpiter
741 2736 843 2811 atque
866 2731 978 2811 inepte
1001 2727 1099 2788 suerit
1123 2726 1290 2802 adulatus,
1312 2728 1366 2790 vel

278 2831 421 2904 Plinius,
437 2827 528 2912 quod
543 2829 609 2892 sibi
625 2834 818 2893 ornamento
833 2828 981 2891 maximo
993 2825 1367 2908 esse-potuit,nonnullo

278 2931 349 2994 tore
362 2928 515 2992 dedecori
529 2947 644 3009 parum
661 2929 841 3010 prudenter
856 2928 1032 2992 arbitratus
1047 2928 1108 2990 sit:
1123 2931 1181 2988 aut
1197 2925 1368 2991 Veronen-

278 3047 347 3104 ses,
361 3045 501 3109 quornm
524 3027 614 3089 houd
638 3047 751 3109 parum
774 3027 872 3091 multi
893 3046 936 3090 ex
954 3026 1007 3090 his
1022 3026 1138 3107 reliqui
1153 3025 1262 3090 adhuc
1278 3029 1369 3090 vive·

280 3134 364 3203 rent,
380 3128 438 3210 qui
452 3126 597 3191 Plinium
612 3129 838 3208 agnovissent,
852 3125 1012 3210 (nondum
1027 3126 1116 3189 enim
1128 3127 1173 3189 ab
1188 3125 1262 3208 ejus
1273 3127 1368 3191 obitu

178 3283 183 3290 .
280 3229 357 3291 anni
370 3229 511 3308 triginta,
528 3235 587 3290 aut
599 3229 729 3308 triginta
743 3227 890 3312 quinque
904 3223 1125 3308 effluxerant)
1139 3234 1267 3289 tantam
1283 3227 1368 3310 inju-

279 3329 361 3390 riam
384 3325 619 3391 dissimulaturi
640 3327 774 3407 fuerint,
797 3327 849 3392 vel
874 3328 976 3391 ceteri
1002 3327 1207 3390 mendacium
1234 3345 1369 3408 expres·

281 3447 364 3506 sum,
379 3433 477 3508 atque
492 3427 732 3508 turpissimum,
748 3447 848 3512 aequo
863 3430 972 3492 animo
987 3428 1170 3490 toleraturi.
1215 3425 1369 3490 Ceterum

281 3527 401 3607 siquis
416 3525 569 3590 Pantheo
586 3527 682 3590 nimis
697 3528 851 3592 addictus
867 3527 1002 3591 omnino
1017 3547 1089 3590 eum
1105 3526 1214 3590 animo
1228 3526 1369 3590 imbibe-

282 3627 324 3690 rit
353 3625 554 3707 opinionem,
576 3645 645 3708 qua
665 3626 881 3710 fragmentum
904 3627 977 3703 hoc,
1004 3625 1092 3708 quod
1115 3625 1156 3688 de
1178 3624 1287 3689 Plinio
1306 3627 1369 3690 sub

284 3725 412 3788 nomine
428 3723 576 3788 Suetonii
592 3725 828 3804 circumfertur,
838 3745 883 3789 ex
898 3726 970 3808 ejus
983 3725 1115 3790 officina
1130 3724 1296 3807 prodiisse
1311 3745 1370 3791 no·

284 3826 356 3902 luit,
369 3830 407 3888 ut
426 3838 538 3887 secum
554 3811 595 3887 de
618 3845 659 3891 ec
681 3827 805 3891 diutins
827 3826 1025 3890 contendam
1045 3845 1112 3889 non
1128 3825 1223 3889 valde
1238 3826 1370 3890 labore·

284 3923 481 3996 vero,modo
496 3927 575 3989 milri
589 3926 737 3991 vicissim
755 3928 809 3991 ille
821 3927 995 4004 concedat,
1011 3925 1101 4008 qnod
1115 3944 1213 3989 nemo
1226 3925 1370 3994 inficiari

283 4029 404 4109 pote'st,
425 4025 597 4107 fragmenti
610 4035 790 4104 auctorem,
806 4028 957 4110 quisquis
970 4027 1082 4103 luerit,
1097 4027 1269 4109 antiquum
1283 4028 1370 4092 exti-

284 4126 384 4206 tisse,
398 4127 570 4192 cumcuim
586 4127 621 4195 in
635 4130 848 4193 recentiorem
862 4127 1079 4209 fragmentum
1088 4125 1292 4192 referendum
1301 4145 1369 4194 nou
