3056 4878
501 425 589 475 aar.
612 425 709 476 nrsr.
734 425 805 474 nrn.
828 426 869 476 ιι.
893 413 949 476 71.
1206 417 1272 481 469

67 625 69 632 ,
177 570 295 635 haberi
323 587 389 632 nou
419 587 519 652 posse
547 569 828 658 deprehenderunt
857 579 890 636 et
917 570 1088 654 dioptrm,⁸
1109 590 1186 656 qnae
1214 575 1269 638 nel
1318 589 1320 593 ’

180 673 324 738 maxime
350 670 385 735 id
407 671 622 737 confirmant:
650 691 724 738 uum
747 673 972 756 aequinoctiali
991 679 1141 756 tempore
1155 693 1199 738 ex
1214 692 1272 739 ea·

177 773 257 838 dem
271 771 358 838 linea
373 777 682 856 ortus·oocasnsqne
705 779 865 853 cernatur,
881 781 915 838 et
937 772 1147 838 solstitialis²
1172 793 1270 839 axor-

183 881 238 940 tue
260 893 438 958 peronam
459 874 594 952 lineam,
620 876 845 958 brumalisque
873 895 1027 941 occasus.
1071 873 1158 952 Quae
1183 878 1270 941 acei-

179 975 257 1041 dere
271 977 363 1042 nullo
378 976 476 1041 modo
489 981 637 1060 possent,
651 977 717 1042 nisi
731 979 765 1042 iu
781 980 893 1042 eeutm
908 978 973 1043 sita
987 984 1087 1043 meet.

227 1094 322 1143 nxx.
344 1075 473 1161 (axx.)
502 1077 587 1141 Tres
614 1077 749 1142 antemb
781 1079 898 1143 circuli
925 1097 1028 1162 snpra
1052 1078 1152 1144 dieue
1175 1082 1270 1147 zonis

182 1180 324 1264 implexi
341 1179 592 1263 inaequalitates
605 1185 792 1264 temporum
801 1179 1021 1262 distinguunt:
1048 1182 1270 1248 solstitialium

178 1289 272 1364 parte
285 1281 440 1363 Signiferi
455 1279 688 1347 excelsissima
702 1283 811 1360 nobis,
827 1282 870 1346 ad
887 1283 1180 1366 septemtrionalem
1196 1283 1270 1367 pla·

179 1401 257 1464 garn
285 1401 421 1449 versure
444 1389 623 1466 contraque
648 1384 692 1448 ad
713 1383 816 1448 alium
839 1383 959 1449 Polum
983 1385 1164 1449 brumalis:
1189 1385 1268 1450 item

178 1484 292 1550 medio
304 1486 426 1551 ambitu
442 1485 596 1568 Signiferi
610 1485 701 1549 orbis
716 1484 877 1550 incedens
890 1485 1146 1568 aequinoctialis.

223 1601 335 1649 nxxr.
358 1585 593 1668 Reliquorum,
609 1604 685 1667 qnae
706 1584 872 1662 miramur,
893 1604 997 1649 causa
1017 1586 1052 1649 in
1074 1585 1182 1669 ipsius
1204 1592 1269 1653 ter·

178 1705 223 1750 rar
236 1685 343 1768 figura
357 1691 419 1762 est,
435 1705 536 1770 qnam
558 1684 657 1767 globo
680 1685 833 1764 similam,
847 1695 882 1751 at
902 1705 978 1750 curu
994 1706 1034 1750 aa
1056 1695 1186 1770 aquas,¹
1208 1687 1268 1752 iis-

179 1787 251 1851 dem
277 1787 470 1870 intelligitur
490 1788 705 1869 argumentis.
739 1787 809 1852 sto
828 1787 917 1853 enim
941 1788 979 1852 fit
992 1786 1083 1852 haud
1106 1786 1218 1864 dnbio,
1232 1793 1270 1851 ut

176 1889 274 1952 nobis
288 1888 567 1972 septemtrionalis
577 1889 687 1971 plagae
698 1887 808 1953 sidera
820 1908 983 1972 nunqnam
996 1885 1168 1952 occidant:
1190 1905 1269 1952 con·

178 1996 228 2054 tra
248 1991 438 2056 meridianae
454 2008 623 2072 nunqnam
647 1990 815 2054 oriantur:
838 2007 1018 2071 rursusque
1031 1987 1105 2054 haee
1128 1988 1269 2052 illisnon

177 2099 364 2171 comantur,
381 2089 552 2158 attollente
568 2100 627 2155 sec
649 2096 762 2155 contra
777 2090 906 2155 medios
921 2089 1012 2154 vienn
1027 2095 1184 2153 terrarum
1198 2088 1269 2170 glo·
1343 2161 1346 2168 Δ

176 2194 231 2256 bo.
276 2189 557 2277 Septentrionem
578 2211 646 2258 non
673 2193 778 2258 oernit
800 2189 1044 2275 Troglodytice,
1069 2195 1103 2254 et
1127 2187 1268 2254 confinis

633 2370 815 2394 ‘emenone

179 2489 221 2538 red
237 2487 424 2537 cuasam-u
441 2485 483 2536 lta
495 2485 554 2536 Aid-
564 2487 639 2539 Juut.
651 2487 733 2538 nuri.
744 2485 826 2549 Lngd.
838 2486 937 2536 Erarmi
958 2483 1066 2536 Franks.
1076 2482 1157 2549 neyd.
1175 2483 1269 2534 Drior.

177 2551 343 2666 {suffigiit
360 2551 415 2600 Ele.
427 2551 540 2602 Gronov.
552 2557 579 2600 nt
590 2551 721 2604 Harduin.
733 2557 756 2604 i.
766 2551 825 2602 rtet
838 2551 928 2601 delent
940 2522 1069 2600 llardnin.
1084 2553 1110 2599 2.
1124 2553 1148 2598 8.
1161 2548 1267 2612 Bipont.

209 2679 279 2729 Cur.
299 2689 374 2729 mr.
392 2683 405 2727 1
424 2678 488 2731 cod.
500 2679 594 2732 Dalee.
610 2685 634 2732 et
649 2695 701 2730 uua
711 2695 739 2730 eu
754 2682 896 2744 aquea-u
912 2676 1270 2742 Vitrnv.iib.1x.oap.ti.t.

669 2823 778 2875 NOTAE

190 2931 203 2960 ⁸
223 2923 253 2971 Et
275 2919 388 2986 dioptrae]
400 2918 595 2984 adnpavutgo
606 2921 702 2971 inatru·
742 2921 842 2971 dnobus
861 2921 966 2970 circulis
984 2919 1119 2982 edocetur,
1128 2919 1267 2982 addititii,

175 2997 701 3062 mentumappellatorGeometrienm‚ab
742 3003 769 3044 et
792 2995 909 3044 brumali.
943 2995 1011 3044 Nam
1034 2993 1125 3059 utique
1146 3001 1270 3060 quantum

176 3073 342 3140 explorando,
354 3072 584 3138 pempiuiendnqne
595 3071 701 3123 dictum.
742 3071 875 3122 interstitii
887 3067 942 3120 dieu
957 3071 1044 3128 habet,
1058 3084 1117 3120 curn
1135 3072 1194 3121 creti
1214 3071 1268 3120 oul-

176 3149 407 3201 ilthoolononihll
420 3149 487 3199 aliud
503 3150 702 3216 essequamiro·
742 3148 810 3198 mine
836 3147 881 3197 sol
908 3147 991 3196 eiatnr
1027 3147 1147 3208 illustrat,
1168 3154 1269 3196 tantum

175 3228 300 3292 retugium
312 3226 366 3275 rire
377 3225 507 3285 solarium,
524 3225 550 3274 in
568 3241 618 3290 quo
635 3225 701 3276 Solia
742 3225 819 3288 epetli
841 3221 944 3286 longior
958 3236 1019 3284 uox,
1034 3236 1093 3271 curn
1111 3222 1154 3271 Sol
1173 3221 1199 3269 in
1211 3220 1270 3269 brit·

175 3305 246 3353 iroraa
259 3303 348 3352 umbra
360 3301 535 3362 declarantur,
553 3315 583 3349 ro
603 3302 701 3365 perapt-
741 3295 1188 3361 ruamdecidenrrepraereutat‚'&c.
1201 3295 1269 3347 Han

175 3377 286 3433 ciuntur.
303 3383 356 3426 tunt
375 3374 431 3439 ipsa
447 3373 497 3424 loct
517 3374 647 3424 tentantia
657 3389 702 3439 pa·
743 3375 819 3439 patrio
840 3373 978 3437 explanata
994 3371 1099 3422 uberius
1110 3387 1127 3421 a
1139 3371 1269 3424 Martiano

174 3451 309 3515 inminuit,
325 3459 379 3500 tnm
397 3449 476 3500 etiam
496 3449 640 3499 Martianus
659 3449 702 3498 lib.
742 3451 824 3500 iucem
843 3448 932 3498 miram
944 3445 1193 3498 afferuutl’liniante
1211 3447 1268 3497 bre·

110 3523 115 3534 '
177 3545 217 3580 vr.
240 3543 264 3576 r.
285 3526 317 3576 de
333 3525 466 3575 Poritione
485 3525 582 3588 Terra,
602 3541 626 3589 p.
646 3528 702 3575 195.
742 3525 825 3575 rituti.

176 3603 219 3652 nbi
238 3601 286 3651 hoc
307 3608 385 3665 caput
403 3599 570 3653 exurribenr:
594 3601 701 3651 ‘Medio
772 3602 862 3654 bites
882 3601 972 3668 autem]
1000 3601 1106 3666 Tropici
1131 3599 1192 3664 duo,
1211 3615 1269 3652 cum

176 3681 255 3745 igitur
277 3677 408 3728 credenda
430 3674 486 3740 ert‚’
511 3677 604 3742 lnquit,
625 3675 702 3743 ‘qnia
742 3679 918 3746 aequinoctiali
929 3679 1035 3728 cirtulo.

175 3752 395 3823 pertrema,quod
408 3753 553 3816 prerertint
573 3754 702 3818 oeqninoc·
774 3756 931 3807 enervitate
949 3751 986 3816 u]
1010 3753 1096 3805 Globo
1116 3760 1193 3803 terre
1222 3753 1269 3804 ob·

177 3833 247 3884 tialin
268 3827 393 3892 temporit
418 3828 557 3878 iuterrtltla
583 3829 702 3879 maniter·
742 3839 837 3894 etanta,
854 3831 1094 3896 attinuerunt.
1120 3829 1187 3880 Vide
1210 3843 1267 3895 qure

177 3915 250 3961 tant:
264 3921 321 3956 narn
333 3917 407 3968 parer
418 3905 536 3952 horarum
549 3913 639 3968 metu,
650 3911 703 3954 turn
744 3907 859 3958 dicemur
872 3921 931 3970 erp.
941 3921 997 3970 req.

178 3979 592 4042 antemerirlialium,quametiam
605 3987 704 4043 pertre-
774 3979 997 4044 lacunarium]
1035 3979 1100 4031 Qua
1145 3979 1269 4045 deinceps

176 4073 284 4114 marum.
294 4063 320 4107 et
334 4063 385 4105 tarn
397 4053 449 4104 diei
461 4067 535 4118 quarn
551 4054 644 4116 noetio,
657 4053 701 4103 ho·
742 4062 897 4110 tractantur‚
910 4055 942 4104 ad
960 4071 992 4106 aa
1012 4055 1102 4118 rerba,
1121 4054 1270 4120 ‘Navigan-

177 4137 275 4199 roiogia
286 4131 459 4183 manifertunt.
481 4131 540 4183 Quo
550 4131 703 4181 documento
742 4134 805 4184 tium
813 4131 871 4182 haee
879 4130 1006 4195 manime‚’
1018 4134 1066 4182 &a
1074 4131 1180 4182 verbnm
1189 4131 1269 4185 verbo

177 4215 276 4263 clarum
286 4216 336 4274 ert,
345 4208 496 4258 tantundem
503 4207 617 4272 undique
628 4221 703 4258 recita
743 4207 938 4272 tranreriprirae
949 4205 1041 4256 credar
1052 4207 1209 4260 Mattianum
1220 4205 1270 4260 Ca·

179 4289 213 4339 ab
226 4286 302 4339 terrie
322 4285 414 4358 aberra
429 4284 520 4336 eoeinru
533 4299 540 4335 t
557 4283 624 4352 quod
636 4283 705 4336 idern
745 4285 840 4352 pellam
850 4284 896 4336 lib.
907 4297 944 4334 rr·
955 4297 981 4349 p.
992 4285 1048 4334 raa.
