3006 4874
263 377 326 444 1⁰0
601 391 649 441 ua
673 392 706 441 c.
730 388 849 440 rursu
875 389 1016 440 esrum

262 557 342 602 num
366 553 433 600 non
459 553 547 606 esse,
571 542 606 598 et
629 533 747 598 Latine
771 541 868 617 puter
892 553 932 598 ac
958 534 1115 616 princeps
1145 525 1347 617 eloquentlae

263 639 384 704 Cicero
414 635 457 700 ad
485 634 636 700 Atticum
660 634 864 719 significavit
886 636 1058 700 scribens:
1081 635 1140 699 ‘Si
1168 655 1231 720 ego
1256 643 1347 700 tuum

179 813 183 822 ,
264 747 343 805 ante
356 738 513 820 legissem
528 736 799 801 commentarium
813 734 933 799 Graece
954 736 1126 819 scriptum,
1139 732 1280 802 furatum
1297 757 1348 800 me

264 841 326 904 abs
351 839 547 915 tediceres,
568 854 643 921 quea
659 836 701 899 de
724 835 779 899 his
805 836 900 900 rebus
922 834 1041 900 Graece
1061 837 1140 900 item
1159 838 1284 919 scriptu
1310 838 1349 901 L.

265 939 421 1006 Cossinio
437 938 481 1003 ed
495 944 527 1002 te
549 937 753 1021 praeferenda
767 934 952 1001 dedissem!
995 937 1062 1002 Sed
1079 939 1113 1002 in
1135 944 1202 1002 tum
1225 938 1349 1014 multis,

265 1048 365 1124 atque
380 1040 466 1105 adeo
482 1040 566 1103 inter
589 1059 626 1102 se
650 1038 836 1121 disjunctis,
852 1055 892 1101 ec
909 1035 1008 1102 valde
1028 1039 1260 1115 dissimilibus,
1281 1055 1350 1102 rer·

265 1143 382 1206 borum
398 1141 527 1224 specie,
541 1158 692 1217 numero,
713 1146 749 1203 et
773 1138 886 1204 ordine
911 1157 1050 1223 prorsus
1068 1140 1263 1218 conuenire3
1285 1139 1349 1202 hoc

265 1244 335 1306 veri
348 1243 496 1326 speciem
510 1241 635 1304 nullum
657 1239 768 1317 hahet,
789 1239 854 1304 hoc
868 1249 988 1320 negent
1001 1239 1052 1303 illi
1068 1240 1139 1303 lieri
1156 1258 1272 1322 posse,
1286 1240 1349 1304 hoc

265 1363 318 1408 me
332 1345 407 1426 ipsu
419 1344 506 1408 ratio
518 1343 608 1422 cogit
619 1341 713 1405 suteri
729 1339 965 1404 admittendum
977 1359 1042 1404 non
1053 1359 1138 1404 esse.
1161 1339 1273 1423 Atque
1285 1340 1350 1405 huc

266 1463 372 1528 usque
381 1444 594 1509 commissum
610 1457 687 1505 esse
701 1439 823 1504 lurtum
834 1446 978 1514 constet,
987 1437 1201 1521 quodnenter
1211 1438 1350 1504 alterum

266 1546 432 1624 nominet;
447 1551 524 1608 uter
533 1544 672 1606 duorum
683 1540 894 1616 commiserit,
903 1539 1046 1604 noudum
1062 1546 1219 1622 apparet3
1233 1524 1350 1624 proce·

268 1645 383 1711 dentes
393 1652 505 1709 autem
517 1650 732 1707 accusatores
744 1647 976 1706 statuunteum
986 1659 1063 1705 esse
1073 1641 1260 1724 surem,qui
1272 1656 1350 1724 pos-

267 1749 370 1812 terius
381 1747 562 1830 scripserit,
572 1744 717 1808 muxime
729 1761 818 1819 vero,
829 1743 861 1806 si
876 1748 974 1807 retete
986 1741 1068 1807 ulter
1082 1743 1225 1806 alterum
1236 1743 1351 1808 multis

267 1849 362 1913 anuis
371 1846 603 1925 antecesserit3
617 1844 703 1908 uude
712 1843 893 1910 conficiunt
903 1863 944 1908 eu
953 1847 1066 1910 omnia
1079 1843 1221 1910 Plinium
1232 1863 1278 1910 ex
1290 1843 1349 1908 Di·

268 1946 421 2012 oscoride
443 1947 641 2029 transcripta
662 1944 809 2008 furatum
826 1965 912 2021 esse,
929 1963 1067 2029 quorum
1081 1945 1136 2010 hic
1153 1952 1229 2010 ante
1248 1947 1351 2011 vitam

269 2069 344 2114 cunr
360 2053 463 2111 morte
475 2045 703 2124 commutavit,
716 2064 815 2128 quarn
831 2045 886 2110 ille
900 2047 1071 2110 emerserit
1082 2047 1118 2110 in
1133 2044 1217 2109 hauc
1231 2047 1349 2111 lucem.

268 2149 406 2214 Testem
417 2146 585 2232 proferunt
596 2145 749 2222 suidam,
763 2144 1008 2223 Dioscoridem,
1018 2143 1263 2225 Ananarheum,
1273 2167 1351 2229 cog·

267 2249 425 2313 nomento
441 2247 601 2323 Phacum,
617 2246 681 2310 sub
697 2246 847 2310 Antonio
863 2251 897 2310 et
911 2246 1090 2329 Cleopatra
1109 2249 1264 2314 floruisse
1286 2253 1352 2312 tes·

269 2354 440 2425 tantem,e
466 2366 604 2430 quorum
626 2348 718 2412 obitu
741 2347 785 2411 ad
800 2365 923 2411 annum
942 2367 1049 2433 usque
1069 2349 1280 2433 Imperatoris
1294 2349 1353 2414 Ti·

269 2450 352 2514 berii
367 2448 600 2513 duodecimum
622 2449 701 2512 anni
719 2463 793 2511 uvr.
814 2457 1032 2513 numerantur
1046 2457 1120 2514 ante
1143 2451 1246 2516 Plinii
1265 2451 1352 2515 nuti·

268 2551 432 2628 uitatem3
454 2549 629 2614 subductis
649 2550 736 2612 enim
762 2550 859 2614 annis
882 2565 956 2614 cvr.
983 2569 1070 2633 quos
1093 2552 1292 2616 avunculum
1311 2569 1352 2614 ac

269 2657 395 2734 putrem
409 2649 498 2714 hunc
525 2648 672 2713 Plinium
687 2649 817 2713 Plinius
832 2649 855 2714 J
857 2650 955 2714 unior
970 2654 1098 2718 vixisse
1113 2652 1238 2730 retulit,
1252 2657 1352 2736 atque

269 2753 313 2816 ab
337 2769 425 2816 anno
448 2751 577 2833 imperii
591 2749 662 2814 Titi
685 2751 845 2829 secundo,
870 2772 936 2835 quo
961 2750 1101 2818 Vesuuii
1124 2751 1353 2834 conflagratio-

269 2871 344 2920 nem
361 2852 505 2916 Plinium
521 2851 690 2915 Seniorem
707 2849 794 2915 idem
810 2851 833 2916 J
835 2853 929 2916 unior
943 2853 1119 2918 sustulisse
1132 2852 1292 2936 prodidit,
1303 2871 1352 2924 re·

271 2965 322 3018 tro
335 2953 524 3029 numeratis,
536 2953 570 3014 in
579 2971 697 3016 aunum
707 2953 937 3017 duodecimum
946 2954 1072 3018 Tiberii
1080 2954 1285 3038 principatus
1294 2972 1354 3019 na*

270 3055 384 3118 tivitus
397 3052 534 3130 incidit;
550 3071 625 3116 enm
637 3059 696 3116 aut
710 3056 995 3120 mortuumfuisse
1009 3055 1241 3120 Dioscoridem
1253 3073 1353 3138 opor-

271 3157 343 3230 tuit,
359 3161 417 3218 aut
433 3159 524 3216 certe
535 3153 633 3216 aunis
644 3153 715 3236 jam
727 3154 913 3220 consectum
924 3158 1076 3239 ineptum
1086 3155 1352 3228 adscribendum

270 3256 431 3320 extitisse.
475 3253 615 3318 Addunt
627 3255 684 3319 alii
700 3253 832 3318 Arrium
849 3255 1103 3339 Philosophum,
1117 3257 1151 3319 in
1165 3255 1266 3339 cujus
1281 3276 1353 3338 gra·

272 3357 362 3434 tiam,
386 3357 527 3422 sublatis
542 3355 690 3422 Antonio
706 3364 742 3420 et
757 3354 950 3440 Cleopatra,
964 3355 1203 3436 Alexandrinis
1220 3355 1350 3438 Augus·

262 3465 340 3521 tum
349 3460 550 3539 pepercisse,
559 3463 591 3520 el
600 3456 812 3534 Plutarchus,
823 3459 855 3522 in
865 3457 1002 3523 Antonii
1015 3457 1109 3537 vita,
1124 3466 1160 3522 et
1174 3457 1254 3537 Diu,
1268 3459 1352 3522 libro

270 3558 499 3622 Historiarum
516 3573 556 3619 rr.
571 3565 778 3640 posterorum
793 3562 958 3624 memoriae
974 3559 1181 3637 mandarunt,
1193 3577 1352 3624 cumesse

270 3658 315 3723 ad
336 3678 432 3740 quem
455 3657 672 3723 Dioscorides
693 3659 737 3723 de
760 3659 904 3724 Materia
927 3660 1061 3725 Medice
1082 3661 1230 3744 scripsit,
1252 3679 1293 3726 eo
1318 3662 1353 3723 iu

270 3758 472 3841 singulorum
488 3761 645 3823 librorum
666 3761 922 3843 praelationibus
941 3765 1131 3843 nominat03
1166 3781 1234 3845 quo
1256 3781 1353 3843 argu·

270 3867 392 3938 mento,
408 3861 460 3927 vel
484 3861 657 3925 deficiente
678 3864 874 3928 auctoritate
890 3863 1015 3941 Suidae,
1032 3863 1267 3928 Dioscoridem
1281 3862 1353 3927 Au-

271 3963 366 4025 tonio
382 3970 417 4026 et
431 3960 612 4045 Cleopatra
632 3962 879 4034 dominantibus
896 3967 1022 4029 vixisse
1045 3965 1196 4028 convinci
1218 3966 1352 4048 opinen-

271 4070 335 4124 tur.
380 4059 505 4126 Audivi
520 4063 630 4138 etiam,
644 4065 700 4146 qui
721 4062 848 4128 diceret
863 4063 1066 4142 Erotiannm,
1081 4065 1266 4148 imperante
1283 4065 1317 4131 N
1319 4087 1353 4130 e-

269 4177 348 4226 rone
374 4164 581 4244 scribentem,
610 4167 645 4230 in
670 4166 898 4250 explicatione
930 4166 1149 4252 Hippocratis
1179 4169 1351 4232 verborum
