3056 4878
496 418 585 466 unu.
609 415 707 466 uisu.
732 416 804 468 urs.
829 415 869 466 ιι.
890 399 943 464 68.
1200 401 1264 470 tet

177 561 290 644 spatio
313 559 463 624 credetur
485 560 658 625 habitaret
701 560 860 642 Improba
883 566 916 626 et
934 559 1058 626 induite
1078 561 1178 626 debet
1191 579 1265 626 esse

177 667 245 728 tam
268 669 374 726 vastae
398 661 498 726 molis
522 662 705 743 possessio.
746 661 844 729 Adde
868 662 957 745 quod
979 681 1024 728 ex
1046 662 1163 727 relicto
1188 662 1267 746 plur

177 764 318 828 abstulit
346 764 481 830 coelum.
529 763 619 830 Nam
649 783 726 828 cum
754 761 842 827 sintb
866 762 939 846 eius
965 765 1111 848 quinque
1140 771 1265 847 partes,

178 883 264 947 quas
279 874 398 928 vocant
413 864 539 940 zonas,
555 863 675 929 infesto
698 865 803 945 rigore
824 869 859 928 et
879 869 1004 930 auterno
1018 866 1093 947 gelu
1107 867 1267 948 premitur

178 983 286 1044 omne,
299 964 461 1048 quicquid
481 971 534 1030 ost
557 964 741 1046 subjectum
764 964 894 1030 duabus
915 967 1081 1043 extremis,
1100 967 1266 1048 utrimque

176 1067 266 1132 circa
280 1066 439 1132 vertices:
461 1065 547 1130 hunc
562 1067 620 1148 qui
641 1066 857 1148 septemtrio²
882 1075 1035 1144 vocatur,
1050 1087 1193 1151 eumque
1208 1069 1266 1150 qui

178 1166 337 1232 adversus
350 1166 411 1243 illi,
426 1166 594 1232 austrinus
614 1166 816 1249 appellatur.
861 1166 1031 1252 Perpetua
1053 1169 1164 1251 caligo
1176 1175 1267 1232 ntro·

177 1267 288 1351 bique,
310 1274 344 1332 et
362 1268 468 1332 alieno
490 1267 677 1334 molliorum
703 1267 848 1332 siderum
873 1276 1027 1352 aspectu,
1046 1270 1203 1352 maligna,
1226 1287 1267 1334 ao

176 1370 298 1454 pruina
311 1375 437 1435 tautum
461 1369 610 1436 albicans
632 1370 717 1434 lun.e
762 1368 877 1434 Media
891 1389 971 1436 vero
994 1377 1172 1447 terrarum}
1200 1389 1268 1453 qua

177 1470 269 1538 Solis
282 1471 389 1536 orbita
403 1476 464 1548 est,
480 1476 600 1536 exusta
612 1469 755 1535 flammis
770 1477 803 1535 et
815 1480 972 1548 cremata,
982 1473 1130 1536 cominus
1146 1489 1268 1554 vapore

176 1565 331 1638 torretur.
385 1570 485 1636 Circa
511 1571 586 1636 duae
608 1577 745 1647 tantum,
769 1571 854 1638 inter
879 1577 1032 1638 exustam
1055 1578 1088 1636 et
1111 1573 1268 1655 rigentes,

177 1677 419 1755 temperantur:
448 1691 566 1756 eaequc
581 1672 665 1754 ipsae
679 1673 765 1737 inter
779 1691 816 1736 so
839 1692 904 1738 non
923 1673 1058 1756 pervio,
1071 1679 1206 1756 propter
1218 1674 1270 1738 in-

178 1773 333 1840 cendium
357 1773 548 1838 sidomm.td
592 1773 649 1838 Ita
670 1781 768 1840 terrm
788 1780 854 1839 tres
876 1780 1012 1856 partes⁰
1036 1775 1176 1840 abstulit
1198 1791 1268 1838 coe·

177 1875 268 1942 lum:
295 1875 424 1940 Oceani
437 1875 555 1956 rapina
569 1875 602 1938 in
616 1874 741 1940 incerto
755 1883 820 1940 est.

221 1976 287 2042 Sed
306 1984 340 2046 et
361 1976 478 2041 relicta
499 1977 596 2040 nobis
620 1994 688 2041 una
714 1976 835 2058 portio,
849 1974 938 2040 haud
954 1977 1027 2040 scio
1052 1994 1095 2040 an
1118 1977 1219 2042 etiam
1233 1976 1268 2042 iu

180 2077 306 2160 majore
332 2077 452 2142 damno
477 2075 533 2140 sit.
577 2075 674 2139 Idem
699 2075 870 2157 siquidem
897 2076 1058 2142 Oceanus
1081 2077 1209 2141 infusus
1233 2076 1269 2140 iu

176 2180 300 2246 multos
313 2177 366 2263 (ut
387 2172 596 2258 dicemus)⁵'
620 2177 728 2254 sinus,
744 2176 829 2240 adeo
848 2177 960 2241 vicino
983 2196 1121 2243 accessu
1142 2178 1270 2240 interna

176 2281 284 2346 maria
307 2279 448 2356 allatret,
471 2285 509 2346 ut
535 2284 669 2344 centum
697 2277 913 2361 quindecies
939 2278 1087 2346 millibus
1111 2293 1269 2361 passuum

176 2379 344 2447 Arabicus
375 2380 466 2445 sinus
498 2380 598 2446 distet
626 2380 669 2444 ab
699 2379 858 2464 AEgyptio
884 2380 988 2446 mari:
1019 2378 1164 2464 Caspius
1189 2393 1268 2444 vero

638 2592 651 2613 Ι
682 2593 815 2616 ΟΟΟΜΙΜ

178 2721 351 2778 lebret-e
376 2724 444 2775 Edd.
465 2729 528 2774 vett.
546 2725 607 2774 lrssr
659 2723 789 2773 ’tricesis
803 2727 949 2786 septem—8
967 2719 1052 2772 cutffi.
1071 2719 1183 2770 ellim
1215 2717 1272 2768 Lux
1377 2757 1382 2768 .

177 2805 232 2840 oero
242 2791 318 2839 rscdr'u
329 2793 503 2839 terrorum-d
516 2789 558 2838 lts
568 2789 616 2836 eorl
637 2789 749 2838 ,Drica
758 2795 787 2838 et
795 2786 879 2837 chiffl·
893 2788 953 2836 item
965 2785 1025 2834 edd.
1039 2784 1166 2834 llsrduiu.
1178 2788 1200 2832 l.
1211 2787 1237 2832 2.
1246 2787 1271 2832 Ι.

179 2855 275 2904 Miller.
293 2855 399 2916 Bipout.
419 2862 446 2903 er
467 2854 558 2901 Frsur.
575 2851 662 2901 rideris
679 2851 740 2900 Ald.
759 2851 930 2902 inuenerit.
949 2847 1031 2911 Lugd.
1050 2849 1159 2907 Erasmi,
1177 2847 1271 2896 Delec.

179 2919 261 2983 Lcyd.
273 2916 379 2968 Frsukf.
389 2916 472 2980 Lugd.
486 2917 558 2966 rubo.
571 2915 626 2966 Elr.
637 2922 665 2964 et
675 2915 838 2972 (ironam-d
856 2915 922 2964 (lod.
934 2914 1024 2962 Dulce.
1041 2917 1068 2961 st
1084 2911 1196 2960 diuina.
1228 2909 1272 2960 Sic

672 3093 781 3146 uoTAE

211 3195 304 3244 ¹'lllom
323 3208 375 3242 russ
394 3193 454 3256 sint]
481 3193 547 3243 Qum
566 3200 707 3257 sequuntur
746 3191 827 3240 brut:
854 3187 921 3254 quod
937 3200 995 3236 cum
1011 3185 1056 3235 sol
1072 3183 1154 3246 iguem
1172 3180 1205 3230 rlt
1220 3177 1272 3229 fer·

180 3285 260 3336 usque
279 3269 310 3318 sd
326 3283 384 3332 csp.
401 3282 455 3332 seq.
474 3283 506 3316 es
522 3265 577 3316 fere
598 3267 707 3316 totidem
749 3266 882 3330 ventisque
893 3270 1004 3324 return,
1016 3261 1172 3322 humeroque
1184 3269 1273 3318 peses-

180 3345 266 3395 rerbis
283 3345 429 3393 Murtieuus
446 3342 593 3405 exscripsit,
610 3341 655 3391 lilr.
668 3355 707 3390 vr.
749 3346 800 3401 tur,
811 3339 879 3387 ultre
892 3339 1007 3400 citraque
1019 3333 1085 3383 illine
1096 3333 1183 3380 litters
1194 3329 1273 3381 curri·

180 3435 206 3484 p.
218 3423 273 3470 19⁶.
301 3417 434 3480 dirigeret
446 3431 476 3466 ea
489 3417 569 3465 multo
580 3415 708 3464 suteVir·
748 3416 833 3464 culum
852 3426 924 3462 suom
943 3424 993 3460 non
1013 3405 1112 3470 flectet,
1130 3421 1188 3456 cum
1205 3413 1274 3456 terre

179 3499 265 3562 gilius,
276 3498 314 3546 his
331 3495 441 3560 vulgetis
458 3495 589 3546 versibus:
605 3496 613 3524 ⁴
627 3494 708 3545 Quin·
748 3497 881 3554 sequetur,
893 3499 950 3551 qun
961 3483 1110 3534 elimentum
1119 3486 1273 3544 psstomque

180 3587 231 3638 que
245 3571 438 3620 teneursolum
451 3569 547 3630 Zonae,’
558 3573 607 3619 dre.
748 3565 800 3615 Soli
813 3562 930 3629 praebere
947 3573 997 3610 uon
1015 3557 1105 3620 possit.
1138 3555 1205 3604 Vide
1216 3556 1273 3604 Ms-

211 3653 223 3682 c
240 3645 351 3695 Atticum
369 3645 423 3708 lex]
440 3644 510 3694 Vide
527 3645 610 3695 Notas
628 3651 656 3694 ct
674 3643 707 3693 E·
748 3640 819 3690 crob·
832 3639 857 3686 ln
868 3637 954 3686 domu.
965 3633 1037 3698 scip.
1049 3647 1081 3682 rr.
1092 3637 1117 3681 ⁶.
1131 3645 1157 3695 p.
1170 3634 1225 3680 ist.

180 3721 294 3771 menduc.
306 3733 375 3769 num.
385 3725 427 3770 dl.
779 3722 790 3749 ⁸
808 3715 887 3764 Terra
903 3717 953 3760 tres
966 3707 1059 3775 portes]
1074 3705 1207 3756 Torridsm
1221 3719 1273 3756 me-

213 3797 225 3832 t
242 3793 379 3845 Incendium
389 3793 505 3858 siderum]
521 3794 563 3846 lte
574 3795 638 3858 Ress.
649 3799 671 3844 l.
681 3797 707 3845 Β.
748 3789 828 3852 dium,
839 3794 1017 3850 extremasque
1027 3782 1091 3833 duss
1108 3782 1168 3846 gelu
1184 3789 1212 3832 et
1228 3781 1273 3830 frl·

181 3869 266 3926 chiffl.
287 3873 336 3920 &a
359 3881 409 3918 uun
429 3869 522 3918 sidem.
562 3867 709 3920 censebunt
749 3863 938 3929 goreiulertas.

180 3947 272 4011 Stoici,
283 3958 391 4010 qnorum
406 3941 521 4006 opinioni
533 3943 633 3992 Plinius
650 3942 709 3992 sub·
781 3937 840 3988 'Ut
856 3935 970 3999 dbemur]
990 3934 1021 3985 lu
1039 3929 1226 3995 Geossrsphlcis
1243 3929 1274 3980 ll·

181 4024 294 4076 scribere
305 4035 372 4070 nnnc
384 4018 497 4082 ridetur,
507 4020 642 4069 Oceanum
652 4032 709 4070 esse
749 4015 810 4076 bris,
819 4013 863 4076 orit
872 4012 939 4060 hunc
949 4010 1063 4075 proxime
1073 4012 1275 4072 consequuntur.

182 4099 325 4164 subjectum
335 4093 456 4160 signifero
464 4094 570 4156 circulo,
579 4109 625 4159 per
634 4108 708 4161 quem
748 4089 792 4140 Its
803 4089 866 4140 Mus.
875 4099 974 4136 corner.

181 4175 227 4228 Sol
234 4171 360 4235 decurrit,
368 4171 477 4236 ejusque
487 4169 617 4219 littoribus
626 4176 708 4220 metss
780 4170 793 4207 ¹
808 4163 841 4214 Ut
851 4166 943 4211 aarum
954 4157 1097 4224 quindecim]
1109 4158 1177 4210 vide
1189 4156 1272 4210 Notus

183 4247 222 4300 sul
241 4261 329 4326 cursus
350 4246 435 4299 Solem
452 4245 561 4298 definire
584 4245 706 4310 pradica-
748 4237 1027 4294 etEmeud.uom.62.
