3054 4876
569 417 774 466 usr.u1s'r.
803 417 873 464 ura.
897 418 919 465 r.
1220 403 1283 469 181

206 560 347 622 vetustis
360 558 540 633 novitatem
553 557 642 634 dare,
655 559 750 622 noris
767 559 1009 636 auctoritatem,
1026 560 1186 624 obsoletis
1199 561 1285 626 nito·

208 677 288 736 rem,
300 660 454 724 obscuris
469 660 592 737 lucem,
606 658 766 724 fastiditis
788 661 938 741 gratiam,
955 660 1065 725 dubiis
1087 661 1197 739 fidem,
1212 681 1283 726 om·

204 761 301 824 nibus
315 779 392 824 vero
407 766 567 838 naturam,
581 769 614 826 et
627 766 754 825 naturas
769 781 841 826 suaa
857 763 1005 826 omnia³⁷
1049 763 1167 846 Itaque
1181 765 1285 830 etiam

204 879 270 924 non
292 863 469 939 assecutis,
492 862 654 938 voluisse,
673 861 803 926 abunde
824 862 997 945 pulchrum
1019 869 1118 947 atque
1139 863 1285 944 magnifi-

205 979 281 1027 cum
295 963 384 1027 est.³⁸
432 963 589 1046 Equidem
604 963 655 1026 ita
669 963 791 1039 sentio,
807 963 1010 1046 peculiarem
1024 964 1057 1028 in
1069 964 1189 1028 studiis
1204 982 1283 1028 oau-

206 1081 280 1127 sam
294 1083 404 1128 eorum
419 1084 505 1142 esse,
521 1065 579 1147 qni
595 1063 839 1128 difficultatibus
855 1065 966 1140 victis,
982 1065 1157 1130 utilitatem
1163 1065 1285 1148 juvan-

206 1163 242 1227 di
255 1165 465 1248 praetulerunt
476 1167 591 1246 gratim
606 1165 783 1248 placendi:
810 1163 909 1248 idque
926 1164 999 1248 jam
1015 1167 1096 1231 etin
1112 1167 1188 1231 aliis
1203 1185 1284 1249 ope-

205 1265 300 1330 ribus
314 1268 388 1348 ipse
401 1267 483 1332 ieci:
505 1273 538 1331 et
547 1265 704 1351 profiteor
717 1267 826 1331 mirari
837 1284 889 1330 me
904 1266 944 1330 Τ.
961 1266 1104 1343 Livium,
1117 1273 1284 1333 auctorem

207 1366 464 1446 celeberrimum,
483 1368 517 1430 in
537 1366 747 1431 historiarum
762 1385 905 1444 suarum,
922 1386 1008 1449 quas
1029 1367 1148 1450 repetit
1163 1369 1206 1431 ab
1219 1369 1287 1435 ori·

206 1469 281 1548 gine
298 1467 412 1547 Urbis,
428 1469 572 1551 quodam
586 1469 777 1532 voluminem
792 1467 842 1532 sic
857 1487 988 1532 orsum:
1012 1468 1121 1533 ‘Satis
1132 1469 1204 1552 jam
1219 1468 1285 1533 sibi

207 1567 322 1651 glorias
343 1571 537 1652 quaesitum:
570 1574 605 1632 et
625 1569 777 1652 potuisse
799 1587 836 1633 se
855 1568 1011 1646 desinere,
1031 1568 1067 1632 ni
1088 1571 1217 1634 animus
1235 1571 1286 1634 in·

207 1670 301 1751 qnies
310 1677 336 1720 ³⁹
357 1675 544 1754 pasceretur
563 1667 683 1753 opere!
727 1667 881 1734 Proiecto
898 1671 986 1734 enim
1005 1671 1124 1754 populi
1135 1673 1284 1753 gentium

206 1770 357 1849 victoris,
373 1777 408 1836 et
422 1769 566 1836 Romani
581 1771 725 1836 nominis
740 1770 868 1854 gloriae,
883 1791 950 1836 non
969 1791 1040 1838 suae
1055 1771 1285 1856 composuisse

205 1871 265 1936 iila
279 1872 404 1938 decuit.
427 1873 540 1958 Majus
555 1873 707 1938 meritum
721 1881 823 1950 esset,
839 1875 951 1957 operis
966 1893 1086 1952 amore,
1102 1893 1168 1937 non
1184 1874 1286 1938 animi

205 1992 313 2038 causa
334 1993 583 2058 perseverasse3
612 1979 646 2038 et
668 1974 734 2038 hoc
757 1974 885 2058 populo
907 1973 1060 2039 Romano
1074 1975 1286 2057 praestitisse,
1324 1995 1326 2002 ’

205 2093 271 2139 non
287 2075 363 2139 sibi.
406 2074 536 2156 Viginti
550 2074 653 2137 millia
668 2094 771 2138 rernm
786 2075 956 2158 dignarum
970 2094 1060 2154 cura,
1078 2075 1296 2158 (quoniam,⁴⁰,

207 2182 243 2240 ut
254 2177 303 2240 ait
316 2176 487 2240 Domitius
499 2176 591 2253 Piso,
607 2176 804 2240 ‘thesauros
815 2182 946 2260 oportet
960 2195 1048 2253 esse,
1070 2196 1135 2241 non
1145 2171 1286 2258 libros,')

206 2296 249 2342 ex
263 2278 406 2342 lectione
419 2277 622 2342 voluminum
633 2277 766 2340 circiter
780 2276 881 2340 duum
892 2276 1042 2355 millium,
1052 2295 1191 2359 quorum
1201 2295 1285 2360 pau-

206 2397 248 2444 ca
261 2379 436 2444 admodum
453 2379 591 2444 studiosi
605 2377 778 2459 attingunt,
798 2384 936 2461 propter
951 2385 1112 2442 secretum
1127 2377 1284 2454 materiae,

206 2481 382 2563 exquisitis
408 2482 598 2545 auctoribus
619 2486 761 2554 centurn,
785 2479 981 2543 inclusimus
1005 2479 1137 2558 triginta
1159 2485 1284 2543 sex4¹¹¹

206 2581 441 2652 voluminibus,
455 2581 593 2665 adjectis
607 2582 703 2644 rebus
714 2580 880 2664 plurimis,
891 2598 976 2663 quas
988 2586 1047 2644 aut
1059 2580 1287 2662 ignoraverant

204 2683 342 2765 priores,
364 2691 424 2747 ant
436 2691 557 2765 postea
570 2683 742 2746 invenerat
754 2682 835 2744 rita.
880 2679 955 2744 Nec
972 2679 1171 2758 dubitamus,
1183 2681 1286 2744 multa

206 2801 290 2858 esse,
301 2803 377 2866 quae
392 2789 499 2848 einos
514 2783 741 2866 praeterierint.
769 2781 936 2846 Homines
953 2782 1173 2857 enimsumus,
1185 2785 1217 2844 et
1228 2799 1285 2845 oc-

205 2886 320 2968 cupati
330 2884 463 2949 officiis:
473 2884 775 2967 subcisivisque⁴²⁰
790 2881 993 2964 temporibus
1002 2882 1069 2946 ista
1079 2899 1245 2957 curamus,
1251 2878 1285 2943 id

207 3227 235 3262 ro
252 3211 388 3260 tractarerit
398 3209 588 3259 tramites-tt
605 3209 670 3260 Cod.
682 3211 773 3260 Datur.
784 3215 807 3259 st
821 3215 914 3259 actara
924 3224 944 3258 r.
955 3209 1076 3258 cim-⁸8
1092 3209 1166 3259 vett.
1177 3223 1287 3270 mucram
1382 3187 1384 3194 Ι

206 3278 315 3325 ert-39
331 3275 553 3337 Cosuanetes.
572 3281 595 3323 rt
610 3275 688 3336 potiar
703 3289 727 3323 re
742 3275 875 3323 desiderare
890 3285 918 3322 ιτ
933 3274 1024 3321 animur
1039 3273 1141 3336 mpsim
1148 3289 1159 3330 ,·
1173 3272 1286 3322 turneb.

204 3339 307 3402 paretur
316 3340 522 3388 desiderare-4⁰
536 3338 588 3387 Atii
598 3353 640 3401 sp.
650 3338 739 3388 Deice.
748 3340 917 3401 pamm-dt
937 3336 978 3386 ΑΙ.
986 3336 1088 3398 triginta
1096 3340 1190 3399 reptm
1213 3337 1288 3396 Mox,

206 3417 342 3464 operarum
353 3400 419 3451 forte
430 3415 518 3450 erroro
530 3402 670 3464 inutraque
680 3401 795 3451 editione
807 3400 1118 3460 naracustoma-ra
1135 3399 1178 3448 Its
1186 3413 1286 3463 quoqne

206 3466 318 3518 Turneb.
328 3465 491 3530 saeuasque
502 3465 582 3515 basii.
594 3468 665 3515 1⁶⁸5.
677 3469 749 3516 tuso.
760 3464 819 3514 nto.
831 3463 913 3527 Lugd.
926 3467 997 3513 1⁶48.
1010 3463 1247 3514 16⁰6.D21ec.1ilr.
1259 3471 1288 3514 et

692 3627 799 3679 NOTAE

240 3733 257 3760 ²
275 3725 381 3782 Mors
396 3721 522 3786 aarum]
539 3722 615 3774 Quod
632 3729 729 3788 tempo·
769 3722 976 3775 toriePiiuiau·
985 3721 1076 3771 librum
1084 3733 1287 3783 rosemundae

206 3797 730 3863 rumiojoriaintercidit-‘Anrsroba-
767 3799 823 3863 ipse
842 3810 893 3846 nou
912 3803 1045 3847 numeret:
1065 3794 1132 3860 quod
1149 3795 1184 3844 sit
1202 3795 1287 3859 operis

205 3878 297 3936 tinum,
320 3880 365 3923 sut
386 3872 532 3922 Plinisnnm
555 3881 604 3934 err,
628 3876 734 3926 ‘auoto-
768 3873 860 3924 ludex.

206 3949 276 4002 rem'
295 3961 340 4010 pro
359 3947 484 4009 scriptore
498 3946 557 4003 dici,
578 3948 646 4013 qaod
659 3951 729 4000 inis·
799 3955 812 3982 ⁰
821 3946 1003 4010 dsbcirioirprre]
1019 3945 1062 3996 sie
1073 3959 1104 3995 ss
1114 3958 1163 3995 vox
1174 3943 1287 3995 serimu-

206 4033 234 4076 ts
252 4019 411 4074 Pmiarione
430 4027 470 4069 ter
489 4020 590 4084 legitur,
603 4031 632 4072 et
648 4024 675 4073 in
690 4038 730 4075 re·
768 4023 811 4085 ds,
828 4031 857 4074 nt
874 4032 913 4074 est
930 4024 955 4072 iu
972 4030 1081 4086 utroque
1092 4020 1148 4070 cod.
1159 4021 1249 4084 Regio,
1261 4027 1288 4071 et

207 4105 302 4165 quante
323 4094 414 4145 Indice
436 4094 468 4144 sd
488 4095 600 4160 singulos
621 4096 733 4148 ltbroei'
768 4097 841 4148 Goth.
852 4103 877 4148 1.
889 4097 951 4147 etin
963 4103 1015 4147 ret.
1028 4095 1203 4160 inscriptione,
1219 4095 1287 4160 opud

208 4175 315 4227 Edus-
769 4173 965 4239 Graupium.

239 4244 437 4310 effigiatam]
454 4245 656 4312 Quamprimum
667 4247 727 4300 flu-
