3016 4876
275 367 318 441 20
573 381 768 439 tunninio
790 389 845 440 so.
868 381 1075 437 urrunnun.

318 529 408 596 Hmc
417 529 514 614 igitur
524 529 765 618 spbsidie,haec
775 525 1207 608 leborisnostriedjnmente
1217 526 1362 605 inerunt,

276 633 397 716 quibus
412 631 448 696 in
462 632 604 713 singulis
622 630 854 713 conquirendis
869 637 1029 712 qnantum
1043 629 1167 693 laboris
1182 629 1361 693 insonitum

275 735 329 813 sit,
343 732 443 798 focile
454 733 479 795 ii
492 731 687 798 aestimaturi
701 737 785 805 snut,
800 732 858 814 qni
872 732 936 794 hoe
949 749 1054 812 mus
1067 728 1248 794 studiorum
1258 749 1361 812 quem

275 835 321 902 sit
339 834 462 898 iestidii
476 833 634 916 taediique
651 833 789 916 plenum
803 852 860 915 per
877 831 994 914 seipsi
1013 837 1145 894 norunt.
1166 829 1362 894 ‘Veneficio

274 955 360 1013 meu,
374 934 537 1014 Quirites,
552 935 624 1000 haee
638 933 738 1010 sunt,'
751 934 921 1016 inquiebat
937 929 1013 1009 ille,³'
1036 932 1094 1015 qni
1115 951 1192 996 cunr
1204 932 1239 994 in
1256 951 1361 1014 perro

273 1033 449 1100 admodum
464 1033 575 1114 agello
595 1034 752 1116 largiores
771 1034 876 1097 multo
900 1032 1028 1098 ductus
1048 1032 1245 1116 perciperet,
1259 1049 1360 1114 quem

272 1133 533 1218 exemplissimis
549 1134 714 1212 vicinitas,
736 1135 771 1197 in
791 1133 918 1198 invidie
941 1152 1062 1214 magne
1074 1138 1155 1212 eret,
1170 1152 1231 1198 ceu
1249 1132 1360 1214 fruges

272 1235 400 1303 diones
414 1234 583 1319 pelliceret
600 1233 786 1299 veneficiis:
809 1232 907 1299 ‘Nec
932 1234 1093 1318 possum,'
1112 1233 1238 1317 adjecit
1260 1233 1360 1310 idem,

272 1334 392 1400 ‘vobis
420 1333 596 1399 ostendere
624 1341 683 1399 eut
711 1336 747 1398 in
775 1335 884 1400 iorum
913 1334 1080 1400 edducere
1110 1335 1358 1400 lucubrationes

271 1454 375 1513 meus,
388 1435 532 1518 vigilios,
546 1439 578 1499 et
597 1434 761 1502 sudores.'

315 1521 371 1600 Ne
387 1554 467 1601 vero
480 1535 624 1600 ineniter
639 1541 752 1598 nostre
766 1535 934 1600 collocuta
947 1553 1049 1616 opere
1058 1534 1277 1613 existimetur,
1291 1535 1359 1602 sci·

269 1642 304 1701 to
317 1636 370 1700 bis
383 1633 474 1700 mille
489 1635 633 1717 emplius
656 1653 680 1698 e
700 1635 800 1698 nobis
823 1635 958 1700 subluto
978 1635 1114 1717 flagitia,
1131 1643 1266 1719 propter
1281 1655 1358 1720 qner

269 1736 436 1802 eximium,
453 1753 540 1818 opus
558 1739 625 1798 non
647 1738 751 1818 ponci
777 1744 935 1820 tenquem
955 1738 1166 1814 senticetnm,
1181 1747 1241 1802 eut
1253 1740 1359 1822 peuti-

268 1837 343 1901 lens
365 1836 609 1918 lemuribnsqne
633 1835 756 1900 inieme
778 1836 997 1912 domicilium,
1023 1837 1229 1902 devitabunt.
1284 1839 1358 1903 Ho-

268 1955 341 2000 rum
365 1936 540 2018 precipue
567 1941 639 2000 tum
662 1955 707 2000 ex
731 1955 845 2000 eornm
872 1936 988 2000 Indice
1013 1937 1187 2019 intelliges,
1212 1946 1283 2003 tum
1310 1959 1357 2004 ex

269 2034 569 2102 Emendationibus
583 2035 833 2118 fusioribnsqne
850 2036 959 2113 Notis,
970 2055 1067 2119 ques,
1078 2037 1232 2120 Lipsinm
1247 2039 1358 2106 imite-

268 2141 326 2200 tns
339 2135 383 2200 od
396 2134 567 2212 Tacitum,
582 2135 617 2198 in
631 2136 758 2201 calcem
778 2135 941 2219 cujusque
959 2137 1039 2203 libri
1052 2139 1196 2221 conjeci:
1212 2141 1271 2206 ubi
1285 2142 1358 2225 ple·

266 2235 319 2300 nis
333 2235 418 2300 velis
431 2243 550 2301 vectus
565 2235 788 2302 omnieletius
799 2237 1013 2322 infletinsqne
1023 2255 1235 2320 exponerem,
1248 2248 1356 2308 totos·

266 2355 344 2418 que,
361 2343 396 2401 ut
408 2337 456 2400 ite
470 2336 592 2413 dicem,
605 2335 758 2400 rudentes
773 2337 935 2416 luerem,
947 2357 988 2403 ec
1003 2338 1091 2422 stylo
1101 2339 1238 2405 ilbodus
1249 2343 1356 2408 indul-

265 2454 383 2516 gerem.
428 2433 529 2513 Quod
544 2438 579 2500 in
592 2435 709 2500 multis
725 2435 794 2500 fieri
808 2437 870 2502 init
882 2457 1042 2502 necesse:
1057 2457 1132 2504 num
1144 2447 1178 2504 et
1193 2441 1355 2508 Emende-

264 2535 391 2599 tionnm
406 2536 489 2600 ratio
501 2536 654 2618 pluribus
665 2537 774 2602 verbis
787 2537 964 2614 reddenda,
986 2544 1021 2601 et
1035 2537 1263 2605 altercationes
1278 2543 1356 2608 diri·

264 2634 407 2712 mendae,
422 2644 457 2699 et
470 2637 642 2712 innumere
655 2637 787 2702 uberius
802 2639 1012 2721 explicando,
1027 2659 1104 2723 quse
1117 2641 1169 2704 vel
1180 2641 1355 2708 difficulte-

263 2739 330 2798 tem
345 2735 517 2813 heberent,
531 2737 584 2800 vel
600 2738 792 2802 novitatem.
836 2738 915 2804 Fuit
934 2739 1017 2804 illud
1038 2741 1169 2804 interim
1190 2744 1354 2826 simplicis

263 2832 408 2914 ingenii:
423 2835 514 2918 qnod
534 2835 656 2902 menda
679 2837 788 2901 multe
808 2837 882 2901 sine
903 2837 974 2902 ullo
996 2839 1171 2903 verborum
1194 2840 1273 2906 luco
1295 2861 1355 2908 ex·
1475 2857 1478 2866 ·

123 3009 127 3014 ¹
262 2935 458 3014 punximns,
471 2935 591 3017 procul
605 2938 694 3000 omni
710 2955 836 3020 pompe
851 2955 891 3002 ec
907 2936 1137 3018 venditatione,
1147 2941 1354 3022 preeietioni-

263 3032 327 3096 bus
342 3035 517 3098 summotis
540 3037 704 3112 omnibus,
729 3036 1002 3120 dissimulatoque
1023 3039 1123 3102 etiem
1136 3040 1170 3103 iu
1186 3041 1353 3125 plerisque

262 3133 364 3198 rebus
384 3133 591 3198 inveniendis
617 3135 742 3214 leboro,
764 3156 807 3201 ne
829 3139 939 3203 mirari
959 3146 1074 3204 nostre
1096 3139 1288 3220 videremur,
1310 3161 1352 3208 ec

262 3233 424 3316 legentm
439 3233 618 3316 defetigere
631 3237 737 3318 prins,
752 3257 853 3321 quem
868 3258 1018 3322 poscere.

377 3331 412 3398 A
424 3334 547 3396 nostris
561 3336 676 3417 procul
691 3342 745 3402 est
758 3338 866 3402 omnis
879 3339 992 3404 vesica
1005 3339 1144 3406 libellist

415 3431 517 3495 Musa
530 3451 592 3497 nec
608 3435 725 3500 insano
740 3445 886 3520 syrmete
900 3445 1019 3504 nostre
1031 3439 1162 3505 tumet.l

305 3529 328 3593 J
331 3531 449 3596 uvobit
462 3533 595 3598 interim
611 3537 810 3620 scriptorum
824 3544 969 3604 veterum
979 3541 1099 3606 monde
1109 3543 1350 3629 plurimaque

262 3648 324 3695 nos
338 3632 436 3712 primi
451 3633 657 3712 sustulimus,
677 3639 956 3704 animadvertere:
979 3641 1163 3705 recentium
1183 3661 1275 3721 vero,
1291 3649 1351 3729 qni

263 3731 305 3794 do
320 3731 387 3794 situ
404 3731 572 3811 terrerum,
592 3733 831 3822 (Geogrephos
855 3741 1051 3822 appellent)
1074 3743 1197 3824 quique
1214 3743 1256 3806 de
1277 3748 1351 3812 ani·

260 3830 410 3908 mulium,
433 3831 588 3914 piscium,
616 3839 790 3922 aviumque
811 3845 940 3918 nutura,
963 3849 998 3906 et
1020 3841 1077 3924 qui
1094 3841 1350 3914 deueherberie

262 3931 471 4016 medicoque,
486 3935 658 4001 volumine
673 3940 918 4018 concinnerunt,
933 3947 1041 4006 curete
1053 3960 1118 4006 non
1132 3961 1256 4025 peuce,
1269 3966 1347 4031 ques

458 4145 467 4188 i
483 4145 561 4209 Apud
573 4147 642 4200 Plio.
654 4161 737 4200 nvnr.
749 4155 774 4202 8.
890 4154 902 4188 ¹
919 4153 1036 4206 Medd.
1047 4168 1086 4207 ιν.
1095 4159 1136 4206 tt.
