3016 4876
453 377 588 426 nnorro
612 375 636 424 r.
660 375 774 426 rrum
798 375 982 425 crosnrur.
1210 364 1254 428 49

161 534 238 582 esse
251 515 423 584 vincentii
437 517 692 584 Bellovacensis
707 525 784 584 onte
801 534 921 595 annos,
934 525 973 582 ut
990 515 1146 596 diximus,
1160 519 1254 602 plus-

161 637 263 700 quam
293 626 463 684 trecentos
484 621 660 698 scribentis
684 621 876 688 firmissimo
896 618 1088 685 testimonio
1115 625 1254 698 constet,

160 720 394 786 admonetuos
409 723 520 804 stylus
543 729 621 786 aute
636 721 846 786 vincentium
869 721 1049 798 sexcentis,
1073 727 1133 785 aut
1154 721 1256 803 pluri-

160 821 237 899 bus,
252 821 363 905 ipsum
378 823 575 906 abantiquo
590 823 751 906 scriptore
765 821 923 902 originem
938 821 1107 886 habuisse.
1148 821 1255 900 Nam,

162 923 223 1006 qui
237 925 324 988 intra
338 925 399 990 hos
413 943 518 990 annos
527 925 696 990 locutione
708 925 809 988 simili
823 925 869 988 sit
884 942 980 1003 usus,
992 925 1064 990 scio
1078 925 1256 1002 nemiuem,

162 1025 284 1090 latina
294 1027 440 1108 linguae
453 1028 605 1091 barbaris
618 1027 813 1092 nationibus
827 1025 927 1090 valde
946 1029 1017 1112 jam
1031 1028 1209 1112 inquinata
1221 1037 1257 1093 et

162 1126 359 1205 deformata,
372 1133 429 1192 aut
441 1128 541 1193 bellis
551 1129 721 1193 intestinis
729 1129 874 1211 mnj0res
884 1134 1015 1192 nostros
1024 1129 1147 1194 misere
1162 1148 1258 1193 exer-

155 1229 331 1306 centibus,
348 1235 448 1312 atquc
461 1229 509 1293 alr
520 1230 608 1293 omui
622 1230 785 1294 bonarum
798 1230 964 1293 literarum
979 1229 1090 1294 studio
1104 1231 1258 1310 longissi-

162 1347 217 1392 me
233 1330 471 1394 avertentibus.
514 1329 583 1394 Sed
605 1347 649 1393 an
671 1329 826 1412 antiquus
847 1329 902 1393 hic
925 1329 1067 1411 scriptor
1080 1328 1258 1396 Cornelius

158 1429 306 1494 -Tacitus
328 1432 404 1495 esti
448 1428 528 1494 Hoc
542 1429 608 1494 sibi
622 1430 783 1494 hacteuus
797 1428 902 1492 fuisse
916 1429 1118 1507 inauditum,
1143 1431 1258 1496 andire

158 1529 293 1607 uidcor,
309 1529 367 1612 qui
381 1529 529 1607 affirmet,
552 1547 616 1593 uec
636 1547 702 1610 ego
718 1529 895 1609 adversor3
917 1531 1021 1594 etism
1036 1530 1174 1596 admitto
1189 1533 1257 1597 tale

167 1621 429 1711 quid'nemtnem
444 1649 588 1715 unquam
610 1631 697 1695 sorte
714 1630 821 1694 inisse
842 1631 1067 1713 suspicatum
1089 1639 1199 1698 temen
1214 1633 1259 1697 ad

161 1731 204 1794 id
223 1731 385 1796 iacientes
406 1731 609 1816 conjecturae
631 1751 700 1798 non
722 1733 851 1809 desunt,
877 1749 1018 1814 quarum
1038 1733 1120 1796 mihi
1140 1732 1260 1798 auctor

160 1829 301 1894 ‘Plinius
314 1830 337 1895 J
339 1832 436 1896 unior
450 1839 503 1896 est
516 1833 603 1897 libro
618 1832 847 1914 Epistularum
856 1849 990 1896 suarum
999 1839 1110 1908 sexto,
1119 1833 1261 1917 inEpis-

165 1931 237 1995 tola
247 1932 291 1996 ad
305 1932 475 2010 Tacitum,
490 1933 588 2017 cujus
603 1934 732 1998 initium
747 1938 817 1997 est:
839 1931 971 2009 ‘Petis,
986 1939 1024 1996 ut
1034 1933 1095 1998 tibi
1106 1936 1260 1998 avunculi

165 2033 235 2096 mei
254 2033 384 2097 exitum
406 2035 562 2112 scribam,
584 2053 653 2118 qno
675 2029 787 2096 verius
817 2031 945 2095 tradere
965 2033 1108 2114 posteris
1128 2034 1261 2114 possis!

163 2131 224 2196 lix
238 2151 309 2217 qua
322 2142 464 2217 apparet
477 2134 519 2197 de
538 2135 619 2198 Vite
632 2132 916 2209 PliniiSeuioris,
937 2139 973 2195 et
993 2135 1099 2208 exitu,
1118 2135 1262 2214 scriptu-

168 2251 239 2296 rum
258 2249 336 2297 esse
356 2233 489 2298 Junicri
511 2235 597 2300 ultro
618 2231 775 2298 Tacitum
796 2233 985 2315 pollicitum
1006 2251 1091 2309 esse,
1114 2233 1204 2316 qnod
1227 2242 1262 2297 et

94 2333 97 2338 “
168 2334 365 2414 praestitisse
379 2335 560 2399 verisimile
572 2341 633 2402 est·
661 2331 729 2398 Sed
742 2333 887 2396 latuisse
901 2331 1065 2396 Suetonio
1079 2335 1262 2415 ascriptum

172 2434 331 2498 nonnulla
344 2433 538 2518 conjectura
558 2433 631 2498 fieri
650 2439 766 2519 potest
787 2451 832 2496 ex
850 2433 1037 2497 narratione
1051 2433 1172 2510 exitus,
1185 2455 1262 2517 quse

169 2553 247 2598 cum
262 2531 417 2616 Epistola
432 2534 535 2600 Plinii
550 2535 673 2600 collata
687 2530 786 2598 facile
802 2533 955 2598 credatur
973 2553 1017 2597 ex
1030 2552 1071 2598 en
1083 2533 1263 2618 descripta.

169 2631 273 2712 ‘Quod
301 2633 487 2700 Misenensi
509 2635 597 2699 enim
626 2635 727 2700 classi
748 2634 883 2698 Plinius
908 2639 1082 2716 praeesset,
1103 2641 1143 2698 ut
1163 2635 1265 2700 habet

169 2737 399 2818 fragmentum,
414 2755 535 2800 causas
549 2736 697 2800 incendii
710 2734 851 2800 Vesuvii
867 2735 1102 2817 exploraturus
1123 2738 1264 2819 propius

171 2837 368 2901 Liburnicas
384 2826 627 2918 praetendisset,
647 2837 903 2900 adversantibus
918 2837 1025 2898 ventis
1040 2855 1184 2900 remeare
1198 2856 1265 2901 non

170 2938 291 3020 possit,
305 2937 341 3001 vi
355 2937 516 3019 pulveris,
532 2941 565 3001 et
577 2935 705 3002 favillas
721 2953 904 3018 oppressus
918 2935 973 3012 sit,
984 2935 1182 3000 haeceadem
1194 2937 1265 3002 Pli-

171 3038 249 3101 nius
271 3037 390 3102 habett
411 3035 535 3115 ‘Erat'
556 3039 675 3122 inquit,
705 3035 862 3114 ‘Miseni,
884 3036 1098 3120 classemque
1122 3037 1265 3120 imperio

171 3155 323 3220 praeseus
337 3138 493 3220 regebat!
536 3139 582 3202 Et
595 3140 811 3222 paulopost:
835 3137 990 3214 ‘Nubes
1012 3138 1171 3202 incertum
1189 3135 1267 3221 pro-

171 3239 231 3302 cul
243 3238 448 3303 intuentibus
462 3257 507 3302 cx
520 3259 587 3322 quo
601 3246 726 3316 monto,
741 3237 924 3303 Vesuvium
936 3257 1011 3302 esse
1022 3245 1146 3320 postea
1156 3241 1267 3321 cogui-

173 3344 242 3404 tum
256 3347 323 3417 est,
338 3339 524 3404 oriebatur:
567 3339 654 3405 Post
665 3357 781 3422 pauca
796 3357 894 3402 vero:
917 3335 1101 3418 ‘Magnum
1116 3339 1268 3420 propius-

171 3459 239 3523 que
252 3441 473 3518 noscendum,
485 3445 523 3504 ut
535 3440 758 3504 eruditissimo
773 3439 846 3504 viro
865 3439 984 3514 visum,
1002 3438 1101 3522 jubet
1116 3439 1268 3503 Liburni-

173 3547 248 3606 cam
264 3541 394 3624 aptari?
438 3541 482 3606 Et
496 3542 565 3606 alio
579 3542 614 3605 in
627 3541 727 3606 loco:
751 3539 839 3616 ‘Ibi,
855 3557 1042 3622 quanquam
1054 3539 1198 3604 nondum
1208 3557 1268 3622 pe-

171 3643 282 3708 riculo
297 3645 600 3726 appropinquante,
620 3641 809 3725 conspicuo
823 3646 948 3716 tamen,
965 3645 999 3704 et
1012 3659 1090 3704 cnm
1104 3645 1269 3705 cresceret

172 3743 343 3826 proximo,
358 3744 510 3807 sarcinas
526 3744 714 3812 contulerat
727 3741 763 3805 in
776 3759 879 3806 naves
894 3747 1007 3806 certus
1021 3740 1122 3823 fugae,
1145 3742 1174 3804 si
1189 3759 1268 3804 con-

172 3845 297 3909 trarius
307 3852 426 3908 ventus
440 3843 640 3910 resedisset!
685 3843 731 3908 Et
745 3844 846 3908 alibi:
871 3833 1027 3906 ‘Placuit
1041 3842 1151 3924 egredi
1165 3843 1199 3906 in
1212 3843 1268 3906 lit-

173 3952 229 4010 tus
242 3951 310 4009 ete
324 3946 481 4028 proximo
503 3946 696 4029 conspicere
718 3944 841 4030 ecquid
857 3943 931 4028 jam
952 3962 1045 4006 mare
1068 3943 1268 4014 admitteret,

173 4045 266 4129 quod
287 4046 396 4110 adhuc
417 4041 561 4125 vastum,
582 4053 615 4110 et
636 4045 814 4111 adversum
839 4043 1075 4128 permanebat’
1118 4043 1267 4109 Rursusr

174 4153 186 4186 ‘
198 4146 331 4214 Deinde
344 4147 487 4211 flammae
500 4145 773 4228 flammarumque
788 4143 991 4228 praenuntius
1005 4141 1088 4207 odor
1101 4144 1267 4226 sulphuris

241 4262 363 4326 nonno
375 4262 507 4312 Vmcrn.
660 4261 765 4312 Puto.
967 4249 968 4254 ’
1179 4261 1203 4308 u
