<?xml version="1.0" encoding="UTF-8"?>
<!DOCTYPE html PUBLIC "-//W3C//DTD XHTML 1.0 Transitional//EN"
    "http://www.w3.org/TR/xhtml1/DTD/xhtml1-transitional.dtd">
<html xmlns="http://www.w3.org/1999/xhtml" xml:lang="en" lang="en">
 <head>
  <title>
</title>
<meta http-equiv="Content-Type" content="text/html;charset=utf-8" />
  <meta name='ocr-system' content='tesseract 3.04.00' />
  <meta name='ocr-capabilities' content='ocr_page ocr_carea ocr_par ocr_line ocrx_word'/>
</head>
<body>
  <div class='ocr_page' id='page_1' title='image "./cpliniisecundin09brotgoog_0239.png"; bbox 0 0 3054 4876; ppageno 0'>
   <div class='ocr_carea' id='block_1_1' title="bbox 253 387 980 465">
    <p class='ocr_par' dir='ltr' id='par_1_1' title="bbox 253 387 980 465">
     <span class='ocr_line' id='line_1_1' title="bbox 253 387 980 465; baseline -0.029 -8"><span class='ocrx_word' id='word_1_1' title='bbox 253 393 319 465; x_wconf 63' lang='lat'><strong>228</strong></span> <span class='ocrx_word' id='word_1_2' title='bbox 617 400 649 446; x_wconf 88' lang='lat' dir='ltr'><strong>c.</strong></span> <span class='ocrx_word' id='word_1_3' title='bbox 673 392 791 444; x_wconf 83' lang='lat' dir='ltr'><strong>rnrun</strong></span> <span class='ocrx_word' id='word_1_4' title='bbox 816 387 980 440; x_wconf 82' lang='lat' dir='ltr'><strong>sncuunr</strong></span> 
     </span>
    </p>
   </div>
   <div class='ocr_carea' id='block_1_2' title="bbox 257 519 1344 648">
    <p class='ocr_par' dir='ltr' id='par_1_2' title="bbox 257 519 1344 648">
     <span class='ocr_line' id='line_1_2' title="bbox 257 519 1344 648; baseline -0.03 -30"><span class='ocrx_word' id='word_1_5' title='bbox 257 525 384 648; x_wconf 59' lang='lat' dir='ltr'><strong>xnvrr.</strong></span> <span class='ocrx_word' id='word_1_6' title='bbox 471 547 523 612; x_wconf 85' lang='lat' dir='ltr'><strong>De</strong></span> <span class='ocrx_word' id='word_1_7' title='bbox 537 541 698 626; x_wconf 85' lang='lat' dir='ltr'><strong>bombyce</strong></span> <span class='ocrx_word' id='word_1_8' title='bbox 718 537 801 604; x_wconf 78' lang='lat' dir='ltr'><strong>Coa.</strong></span> <span class='ocrx_word' id='word_1_9' title='bbox 845 530 1026 614; x_wconf 81' lang='lat' dir='ltr'><strong>Quomodo</strong></span> <span class='ocrx_word' id='word_1_10' title='bbox 1051 525 1246 594; x_wconf 85' lang='lat' dir='ltr'><strong>conficiatur</strong></span> <span class='ocrx_word' id='word_1_11' title='bbox 1271 519 1344 587; x_wconf 84' lang='lat' dir='ltr'><strong>Coa</strong></span> 
     </span>
    </p>
   </div>
   <div class='ocr_carea' id='block_1_3' title="bbox 168 642 1370 3840">
    <p class='ocr_par' dir='ltr' id='par_1_3' title="bbox 168 642 1370 3840">
     <span class='ocr_line' id='line_1_3' title="bbox 514 642 632 711; baseline -0.059 0"><span class='ocrx_word' id='word_1_12' title='bbox 514 642 632 711; x_wconf 84' lang='lat' dir='ltr'><strong>uestis.</strong></span> 
     </span>
     <span class='ocr_line' id='line_1_4' title="bbox 259 725 1344 822; baseline -0.028 -3"><span class='ocrx_word' id='word_1_13' title='bbox 259 769 402 821; x_wconf 83' lang='lat' dir='ltr'><strong>xxvrn.</strong></span> <span class='ocrx_word' id='word_1_14' title='bbox 473 748 527 813; x_wconf 85' lang='lat' dir='ltr'><strong>Do</strong></span> <span class='ocrx_word' id='word_1_15' title='bbox 550 743 700 809; x_wconf 78' lang='lat' dir='ltr'><strong>omneis:</strong></span> <span class='ocrx_word' id='word_1_16' title='bbox 724 739 845 822; x_wconf 86' lang='lat' dir='ltr'><strong>quiex</strong></span> <span class='ocrx_word' id='word_1_17' title='bbox 864 735 916 800; x_wconf 89' lang='lat' dir='ltr'><strong>his</strong></span> <span class='ocrx_word' id='word_1_18' title='bbox 938 736 1075 798; x_wconf 80' lang='lat' dir='ltr'><strong>texant:</strong></span> <span class='ocrx_word' id='word_1_19' title='bbox 1099 750 1175 815; x_wconf 84' lang='lat' dir='ltr'><strong>quae</strong></span> <span class='ocrx_word' id='word_1_20' title='bbox 1196 725 1344 792; x_wconf 83' lang='lat' dir='ltr'><strong>materian</strong></span> 
     </span>
     <span class='ocr_line' id='line_1_5' title="bbox 513 837 929 912; baseline -0.026 -2"><span class='ocrx_word' id='word_1_21' title='bbox 513 841 688 912; x_wconf 88' lang='lat' dir='ltr'><strong>naturaud</strong></span> <span class='ocrx_word' id='word_1_22' title='bbox 701 837 898 906; x_wconf 64' lang='lat' dir='ltr'><strong>texendum.</strong></span> <span class='ocrx_word' id='word_1_23' title='bbox 926 881 929 886; x_wconf 88' lang='lat'>-</span> 
     </span>
     <span class='ocr_line' id='line_1_6' title="bbox 261 946 924 1034; baseline -0.029 -15"><span class='ocrx_word' id='word_1_24' title='bbox 261 971 377 1019; x_wconf 81' lang='lat' dir='ltr'><strong>xxix.</strong></span> <span class='ocrx_word' id='word_1_25' title='bbox 474 946 654 1034; x_wconf 82' lang='lat' dir='ltr'><strong>Generatio</strong></span> <span class='ocrx_word' id='word_1_26' title='bbox 668 957 874 1008; x_wconf 84' lang='lat' dir='ltr'><strong>aranearum.</strong></span> <span class='ocrx_word' id='word_1_27' title='bbox 922 1013 924 1017; x_wconf 22' lang='lat'><strong>¹</strong></span> 
     </span>
     <span class='ocr_line' id='line_1_7' title="bbox 263 1043 789 1129; baseline -0.027 -11"><span class='ocrx_word' id='word_1_28' title='bbox 263 1071 364 1120; x_wconf 84' lang='lat' dir='ltr'><strong>xxx.</strong></span> <span class='ocrx_word' id='word_1_29' title='bbox 474 1051 527 1114; x_wconf 86' lang='lat' dir='ltr'><strong>Do</strong></span> <span class='ocrx_word' id='word_1_30' title='bbox 545 1043 789 1129; x_wconf 82' lang='lat' dir='ltr'><strong>scorpionibus.</strong></span> 
     </span>
     <span class='ocr_line' id='line_1_8' title="bbox 263 1144 768 1221; baseline -0.026 -3"><span class='ocrx_word' id='word_1_31' title='bbox 263 1171 383 1221; x_wconf 74' lang='lat' dir='ltr'><strong>xxxi.</strong></span> <span class='ocrx_word' id='word_1_32' title='bbox 477 1151 531 1214; x_wconf 87' lang='lat' dir='ltr'><strong>De</strong></span> <span class='ocrx_word' id='word_1_33' title='bbox 547 1144 768 1213; x_wconf 82' lang='lat' dir='ltr'><strong>stellionibus.</strong></span> 
     </span>
     <span class='ocr_line' id='line_1_9' title="bbox 264 1231 1232 1322; baseline -0.029 -2"><span class='ocrx_word' id='word_1_34' title='bbox 264 1272 397 1322; x_wconf 79' lang='lat' dir='ltr'><strong>xxxii.</strong></span> <span class='ocrx_word' id='word_1_35' title='bbox 472 1252 526 1316; x_wconf 86' lang='lat' dir='ltr'><strong>Do</strong></span> <span class='ocrx_word' id='word_1_36' title='bbox 541 1246 684 1314; x_wconf 84' lang='lat' dir='ltr'><strong>cicadis:</strong></span> <span class='ocrx_word' id='word_1_37' title='bbox 700 1245 772 1308; x_wconf 86' lang='lat' dir='ltr'><strong>sino</strong></span> <span class='ocrx_word' id='word_1_38' title='bbox 784 1261 841 1308; x_wconf 87' lang='lat' dir='ltr'><strong>ore</strong></span> <span class='ocrx_word' id='word_1_39' title='bbox 855 1257 945 1316; x_wconf 83' lang='lat' dir='ltr'><strong>esso,</strong></span> <span class='ocrx_word' id='word_1_40' title='bbox 960 1238 1031 1302; x_wconf 87' lang='lat' dir='ltr'><strong>sine</strong></span> <span class='ocrx_word' id='word_1_41' title='bbox 1045 1236 1139 1300; x_wconf 85' lang='lat' dir='ltr'><strong>exitu</strong></span> <span class='ocrx_word' id='word_1_42' title='bbox 1153 1231 1232 1298; x_wconf 87' lang='lat' dir='ltr'><strong>cibi.</strong></span> 
     </span>
     <span class='ocr_line' id='line_1_10' title="bbox 266 1347 881 1434; baseline -0.033 -10"><span class='ocrx_word' id='word_1_43' title='bbox 266 1371 413 1424; x_wconf 79' lang='lat' dir='ltr'><strong>xxxin.</strong></span> <span class='ocrx_word' id='word_1_44' title='bbox 476 1352 530 1417; x_wconf 88' lang='lat' dir='ltr'><strong>De</strong></span> <span class='ocrx_word' id='word_1_45' title='bbox 545 1349 656 1434; x_wconf 86' lang='lat' dir='ltr'><strong>pinnis</strong></span> <span class='ocrx_word' id='word_1_46' title='bbox 671 1347 881 1410; x_wconf 88' lang='lat' dir='ltr'><strong>insectorum.</strong></span> 
     </span>
     <span class='ocr_line' id='line_1_11' title="bbox 168 1431 1356 1542; baseline -0.028 -16"><span class='ocrx_word' id='word_1_47' title='bbox 168 1524 177 1542; x_wconf 78' lang='lat'>‚</span> <span class='ocrx_word' id='word_1_48' title='bbox 266 1473 409 1524; x_wconf 77' lang='lat' dir='ltr'><strong>xxxiv.</strong></span> <span class='ocrx_word' id='word_1_49' title='bbox 475 1453 529 1517; x_wconf 88' lang='lat' dir='ltr'><strong>De</strong></span> <span class='ocrx_word' id='word_1_50' title='bbox 544 1447 739 1514; x_wconf 83' lang='lat' dir='ltr'><strong>scarabaeis.</strong></span> <span class='ocrx_word' id='word_1_51' title='bbox 763 1439 991 1525; x_wconf 81' lang='lat' dir='ltr'><strong>Lampyrides.</strong></span> <span class='ocrx_word' id='word_1_52' title='bbox 1012 1437 1159 1519; x_wconf 86' lang='lat' dir='ltr'><strong>Reliqua</strong></span> <span class='ocrx_word' id='word_1_53' title='bbox 1169 1431 1356 1499; x_wconf 81' lang='lat' dir='ltr'><strong>scarabaeo·</strong></span> 
     </span>
     <span class='ocr_line' id='line_1_12' title="bbox 518 1566 736 1631; baseline -0.032 -15"><span class='ocrx_word' id='word_1_54' title='bbox 518 1569 593 1616; x_wconf 91' lang='lat' dir='ltr'><strong>rum</strong></span> <span class='ocrx_word' id='word_1_55' title='bbox 606 1566 736 1631; x_wconf 84' lang='lat' dir='ltr'><strong>genera.</strong></span> 
     </span>
     <span class='ocr_line' id='line_1_13' title="bbox 267 1652 695 1722; baseline -0.023 -1"><span class='ocrx_word' id='word_1_56' title='bbox 267 1673 395 1722; x_wconf 75' lang='lat' dir='ltr'><strong>xxxv,</strong></span> <span class='ocrx_word' id='word_1_57' title='bbox 478 1655 532 1718; x_wconf 88' lang='lat' dir='ltr'><strong>De</strong></span> <span class='ocrx_word' id='word_1_58' title='bbox 547 1652 695 1717; x_wconf 88' lang='lat' dir='ltr'><strong>locustis.</strong></span> 
     </span>
     <span class='ocr_line' id='line_1_14' title="bbox 268 1751 705 1822; baseline -0.021 -2"><span class='ocrx_word' id='word_1_59' title='bbox 268 1772 411 1822; x_wconf 80' lang='lat' dir='ltr'><strong>xxxvi.</strong></span> <span class='ocrx_word' id='word_1_60' title='bbox 477 1754 530 1819; x_wconf 81' lang='lat' dir='ltr'><strong>De</strong></span> <span class='ocrx_word' id='word_1_61' title='bbox 545 1751 705 1816; x_wconf 78' lang='lat' dir='ltr'><strong>formicis.</strong></span> 
     </span>
     <span class='ocr_line' id='line_1_15' title="bbox 269 1851 990 1934; baseline -0.017 -13"><span class='ocrx_word' id='word_1_62' title='bbox 269 1872 430 1921; x_wconf 78' lang='lat' dir='ltr'><strong>xxxvii.</strong></span> <span class='ocrx_word' id='word_1_63' title='bbox 483 1851 722 1934; x_wconf 82' lang='lat' dir='ltr'><strong>chrysallides.</strong></span> <span class='ocrx_word' id='word_1_64' title='bbox 986 1921 990 1929; x_wconf 27' lang='grc' dir='ltr'>Ι</span> 
     </span>
     <span class='ocr_line' id='line_1_16' title="bbox 270 1936 1359 2031; baseline -0.021 -9"><span class='ocrx_word' id='word_1_65' title='bbox 270 1972 444 2022; x_wconf 84' lang='lat' dir='ltr'><strong>xxxvnr.</strong></span> <span class='ocrx_word' id='word_1_66' title='bbox 479 1954 532 2018; x_wconf 87' lang='lat' dir='ltr'><strong>Dc</strong></span> <span class='ocrx_word' id='word_1_67' title='bbox 554 1953 607 2016; x_wconf 88' lang='lat' dir='ltr'><strong>his</strong></span> <span class='ocrx_word' id='word_1_68' title='bbox 625 1949 835 2022; x_wconf 73' lang='lat' dir='ltr'><strong>animalibus,</strong></span> <span class='ocrx_word' id='word_1_69' title='bbox 858 1965 935 2031; x_wconf 85' lang='lat' dir='ltr'><strong>quae</strong></span> <span class='ocrx_word' id='word_1_70' title='bbox 959 1965 1002 2011; x_wconf 83' lang='lat' dir='ltr'><strong>ex</strong></span> <span class='ocrx_word' id='word_1_71' title='bbox 1025 1946 1126 2027; x_wconf 80' lang='lat' dir='ltr'><strong>ligno,</strong></span> <span class='ocrx_word' id='word_1_72' title='bbox 1148 1945 1206 2004; x_wconf 85' lang='lat' dir='ltr'><strong>ant</strong></span> <span class='ocrx_word' id='word_1_73' title='bbox 1222 1939 1255 2002; x_wconf 93' lang='lat' dir='ltr'><strong>in</strong></span> <span class='ocrx_word' id='word_1_74' title='bbox 1270 1936 1359 2018; x_wconf 74' lang='lat' dir='ltr'><strong>liguo</strong></span> 
     </span>
     <span class='ocr_line' id='line_1_17' title="bbox 525 2053 747 2116; baseline -0.018 0"><span class='ocrx_word' id='word_1_75' title='bbox 525 2053 747 2116; x_wconf 82' lang='lat' dir='ltr'><strong>nascuntur.¹⁰</strong></span> 
     </span>
     <span class='ocr_line' id='line_1_18' title="bbox 271 2137 1361 2223; baseline -0.02 0"><span class='ocrx_word' id='word_1_76' title='bbox 271 2173 419 2223; x_wconf 77' lang='lat' dir='ltr'><strong>xxxix.</strong></span> <span class='ocrx_word' id='word_1_77' title='bbox 485 2153 641 2220; x_wconf 82' lang='lat' dir='ltr'><strong>Sardium</strong></span> <span class='ocrx_word' id='word_1_78' title='bbox 666 2150 810 2216; x_wconf 87' lang='lat' dir='ltr'><strong>bominis</strong></span> <span class='ocrx_word' id='word_1_79' title='bbox 832 2146 999 2213; x_wconf 84' lang='lat' dir='ltr'><strong>animalia.</strong></span> <span class='ocrx_word' id='word_1_80' title='bbox 1043 2142 1144 2222; x_wconf 82' lang='lat' dir='ltr'><strong>Quod</strong></span> <span class='ocrx_word' id='word_1_81' title='bbox 1162 2139 1288 2205; x_wconf 67' lang='lat' dir='ltr'><strong>ammai</strong></span> <span class='ocrx_word' id='word_1_82' title='bbox 1302 2137 1361 2202; x_wconf 89' lang='lat' dir='ltr'><strong>ml·</strong></span> 
     </span>
     <span class='ocr_line' id='line_1_19' title="bbox 525 2231 1112 2318; baseline -0.01 0"><span class='ocrx_word' id='word_1_83' title='bbox 525 2256 670 2318; x_wconf 84' lang='lat' dir='ltr'><strong>nimum:</strong></span> <span class='ocrx_word' id='word_1_84' title='bbox 686 2253 789 2316; x_wconf 85' lang='lat' dir='ltr'><strong>atium</strong></span> <span class='ocrx_word' id='word_1_85' title='bbox 804 2249 838 2314; x_wconf 91' lang='lat' dir='ltr'><strong>in</strong></span> <span class='ocrx_word' id='word_1_86' title='bbox 852 2247 929 2313; x_wconf 84' lang='lat' dir='ltr'><strong>cera</strong></span> <span class='ocrx_word' id='word_1_87' title='bbox 943 2231 1112 2312; x_wconf 79' lang='lat' dir='ltr'><strong>animalia.</strong></span> 
     </span>
     <span class='ocr_line' id='line_1_20' title="bbox 272 2349 1095 2424; baseline -0.018 0"><span class='ocrx_word' id='word_1_88' title='bbox 272 2375 337 2424; x_wconf 81' lang='lat' dir='ltr'><strong>xn.</strong></span> <span class='ocrx_word' id='word_1_89' title='bbox 486 2353 621 2420; x_wconf 75' lang='lat' dir='ltr'><strong>Animal</strong></span> <span class='ocrx_word' id='word_1_90' title='bbox 636 2352 690 2418; x_wconf 89' lang='lat' dir='ltr'><strong>cui</strong></span> <span class='ocrx_word' id='word_1_91' title='bbox 702 2359 724 2390; x_wconf 89' lang='lat'><strong>¹¹</strong></span> <span class='ocrx_word' id='word_1_92' title='bbox 741 2349 808 2414; x_wconf 90' lang='lat' dir='ltr'><strong>cibi</strong></span> <span class='ocrx_word' id='word_1_93' title='bbox 823 2351 938 2414; x_wconf 86' lang='lat' dir='ltr'><strong>exitus</strong></span> <span class='ocrx_word' id='word_1_94' title='bbox 952 2367 1018 2424; x_wconf 75' lang='lat' dir='ltr'><strong>raon</strong></span> <span class='ocrx_word' id='word_1_95' title='bbox 1032 2352 1095 2410; x_wconf 87' lang='lat' dir='ltr'><strong>est.</strong></span> 
     </span>
     <span class='ocr_line' id='line_1_21' title="bbox 271 2443 1298 2530; baseline -0.018 -8"><span class='ocrx_word' id='word_1_96' title='bbox 271 2475 352 2523; x_wconf 65' lang='grc' dir='ltr'><strong>κω.</strong></span> <span class='ocrx_word' id='word_1_97' title='bbox 487 2455 617 2530; x_wconf 82' lang='lat' dir='ltr'><strong>Tinoae,</strong></span> <span class='ocrx_word' id='word_1_98' title='bbox 633 2450 853 2528; x_wconf 76' lang='lat' dir='ltr'><strong>cantharides,</strong></span> <span class='ocrx_word' id='word_1_99' title='bbox 866 2450 1004 2514; x_wconf 83' lang='lat' dir='ltr'><strong>culices.</strong></span> <span class='ocrx_word' id='word_1_100' title='bbox 1049 2445 1149 2512; x_wconf 81' lang='lat' dir='ltr'><strong>Ninia</strong></span> <span class='ocrx_word' id='word_1_101' title='bbox 1164 2443 1298 2508; x_wconf 83' lang='lat' dir='ltr'><strong>animal.</strong></span> 
     </span>
     <span class='ocr_line' id='line_1_22' title="bbox 273 2550 1218 2637; baseline -0.015 -16"><span class='ocrx_word' id='word_1_102' title='bbox 273 2574 368 2621; x_wconf 83' lang='lat' dir='ltr'><strong>xnrr.</strong></span> <span class='ocrx_word' id='word_1_103' title='bbox 488 2555 619 2637; x_wconf 86' lang='lat' dir='ltr'><strong>Ignium</strong></span> <span class='ocrx_word' id='word_1_104' title='bbox 634 2552 778 2617; x_wconf 87' lang='lat' dir='ltr'><strong>animal:</strong></span> <span class='ocrx_word' id='word_1_105' title='bbox 794 2551 930 2635; x_wconf 83' lang='lat' dir='ltr'><strong>pyralis,</strong></span> <span class='ocrx_word' id='word_1_106' title='bbox 945 2550 1016 2614; x_wconf 85' lang='lat' dir='ltr'><strong>sive</strong></span> <span class='ocrx_word' id='word_1_107' title='bbox 1030 2550 1218 2630; x_wconf 86' lang='lat' dir='ltr'><strong>pyraustoa.</strong></span> 
     </span>
     <span class='ocr_line' id='line_1_23' title="bbox 274 2654 725 2723; baseline -0.007 -3"><span class='ocrx_word' id='word_1_108' title='bbox 274 2673 386 2723; x_wconf 83' lang='lat' dir='ltr'><strong>xnrrr.</strong></span> <span class='ocrx_word' id='word_1_109' title='bbox 488 2654 725 2720; x_wconf 85' lang='lat' dir='ltr'><strong>Hemerobion.</strong></span> 
     </span>
     <span class='ocr_line' id='line_1_24' title="bbox 275 2747 1365 2836; baseline -0.013 -16"><span class='ocrx_word' id='word_1_110' title='bbox 275 2773 381 2820; x_wconf 85' lang='lat' dir='ltr'><strong>xnrv.</strong></span> <span class='ocrx_word' id='word_1_111' title='bbox 490 2747 693 2820; x_wconf 83' lang='lat' dir='ltr'><strong>Animulium</strong></span> <span class='ocrx_word' id='word_1_112' title='bbox 707 2758 854 2820; x_wconf 88' lang='lat' dir='ltr'><strong>omnium</strong></span> <span class='ocrx_word' id='word_1_113' title='bbox 872 2773 932 2836; x_wconf 86' lang='lat' dir='ltr'><strong>per</strong></span> <span class='ocrx_word' id='word_1_114' title='bbox 954 2750 1085 2832; x_wconf 81' lang='lat' dir='ltr'><strong>singula</strong></span> <span class='ocrx_word' id='word_1_115' title='bbox 1100 2747 1247 2812; x_wconf 84' lang='lat' dir='ltr'><strong>membru</strong></span> <span class='ocrx_word' id='word_1_116' title='bbox 1269 2749 1365 2808; x_wconf 88' lang='lat' dir='ltr'><strong>nutu·</strong></span> 
     </span>
     <span class='ocr_line' id='line_1_25' title="bbox 530 2849 1364 2934; baseline -0.017 -15"><span class='ocrx_word' id='word_1_117' title='bbox 530 2875 575 2919; x_wconf 75' lang='lat' dir='ltr'><strong>raa</strong></span> <span class='ocrx_word' id='word_1_118' title='bbox 602 2863 637 2918; x_wconf 92' lang='lat' dir='ltr'><strong>ct</strong></span> <span class='ocrx_word' id='word_1_119' title='bbox 662 2855 845 2920; x_wconf 65' lang='lat' dir='ltr'><strong>historia-¹²</strong></span> <span class='ocrx_word' id='word_1_120' title='bbox 880 2855 967 2933; x_wconf 81' lang='lat' dir='ltr'><strong>Quae</strong></span> <span class='ocrx_word' id='word_1_121' title='bbox 993 2851 1110 2934; x_wconf 86' lang='lat' dir='ltr'><strong>apices</strong></span> <span class='ocrx_word' id='word_1_122' title='bbox 1131 2849 1265 2925; x_wconf 82' lang='lat' dir='ltr'><strong>habent,</strong></span> <span class='ocrx_word' id='word_1_123' title='bbox 1286 2861 1364 2926; x_wconf 77' lang='lat' dir='ltr'><strong>qnae</strong></span> 
     </span>
     <span class='ocr_line' id='line_1_26' title="bbox 530 2941 1272 3020; baseline -0.013 -1"><span class='ocrx_word' id='word_1_124' title='bbox 530 2957 664 3020; x_wconf 86' lang='lat' dir='ltr'><strong>cristas.</strong></span> <span class='ocrx_word' id='word_1_125' title='bbox 1266 2941 1272 2950; x_wconf 84' lang='lat'>&#39;</span> 
     </span>
     <span class='ocr_line' id='line_1_27' title="bbox 493 3052 1146 3136; baseline -0.008 -17"><span class='ocrx_word' id='word_1_126' title='bbox 493 3057 664 3119; x_wconf 82' lang='lat' dir='ltr'><strong>Cornuum</strong></span> <span class='ocrx_word' id='word_1_127' title='bbox 679 3073 807 3136; x_wconf 80' lang='lat' dir='ltr'><strong>genera.</strong></span> <span class='ocrx_word' id='word_1_128' title='bbox 853 3052 984 3131; x_wconf 87' lang='lat' dir='ltr'><strong>Quibus</strong></span> <span class='ocrx_word' id='word_1_129' title='bbox 999 3052 1146 3115; x_wconf 85' lang='lat' dir='ltr'><strong>mobilia.</strong></span> 
     </span>
     <span class='ocr_line' id='line_1_28' title="bbox 494 3153 1049 3236; baseline -0.005 -16"><span class='ocrx_word' id='word_1_130' title='bbox 494 3157 546 3220; x_wconf 84' lang='lat' dir='ltr'><strong>De</strong></span> <span class='ocrx_word' id='word_1_131' title='bbox 562 3155 741 3236; x_wconf 82' lang='lat' dir='ltr'><strong>capitibus,</strong></span> <span class='ocrx_word' id='word_1_132' title='bbox 761 3161 796 3216; x_wconf 87' lang='lat' dir='ltr'><strong>et</strong></span> <span class='ocrx_word' id='word_1_133' title='bbox 809 3153 931 3236; x_wconf 88' lang='lat' dir='ltr'><strong>quibus</strong></span> <span class='ocrx_word' id='word_1_134' title='bbox 945 3153 1049 3217; x_wconf 79' lang='lat' dir='ltr'><strong>nulla·</strong></span> 
     </span>
     <span class='ocr_line' id='line_1_29' title="bbox 495 3254 701 3337; baseline -0.015 -19"><span class='ocrx_word' id='word_1_135' title='bbox 495 3255 548 3321; x_wconf 90' lang='lat' dir='ltr'><strong>De</strong></span> <span class='ocrx_word' id='word_1_136' title='bbox 563 3254 701 3337; x_wconf 87' lang='lat' dir='ltr'><strong>capillo.</strong></span> 
     </span>
     <span class='ocr_line' id='line_1_30' title="bbox 495 3355 843 3438; baseline -0.003 -17"><span class='ocrx_word' id='word_1_137' title='bbox 495 3357 548 3421; x_wconf 89' lang='lat' dir='ltr'><strong>De</strong></span> <span class='ocrx_word' id='word_1_138' title='bbox 564 3355 700 3419; x_wconf 86' lang='lat' dir='ltr'><strong>ossibus</strong></span> <span class='ocrx_word' id='word_1_139' title='bbox 713 3356 843 3438; x_wconf 88' lang='lat' dir='ltr'><strong>capitis.</strong></span> 
     </span>
     <span class='ocr_line' id='line_1_31' title="bbox 495 3457 712 3522; baseline -0.009 0"><span class='ocrx_word' id='word_1_140' title='bbox 495 3459 549 3522; x_wconf 88' lang='lat' dir='ltr'><strong>De</strong></span> <span class='ocrx_word' id='word_1_141' title='bbox 565 3457 712 3522; x_wconf 89' lang='lat' dir='ltr'><strong>cerebro.</strong></span> 
     </span>
     <span class='ocr_line' id='line_1_32' title="bbox 280 3549 1370 3633; baseline -0.012 -7"><span class='ocrx_word' id='word_1_142' title='bbox 280 3580 314 3626; x_wconf 79' lang='lat'><strong>1..</strong></span> <span class='ocrx_word' id='word_1_143' title='bbox 496 3558 550 3622; x_wconf 87' lang='lat' dir='ltr'><strong>Do</strong></span> <span class='ocrx_word' id='word_1_144' title='bbox 565 3557 722 3620; x_wconf 73' lang='lat' dir='ltr'><strong>auribnus</strong></span> <span class='ocrx_word' id='word_1_145' title='bbox 744 3554 832 3633; x_wconf 79' lang='lat' dir='ltr'><strong>Quae</strong></span> <span class='ocrx_word' id='word_1_146' title='bbox 854 3556 925 3619; x_wconf 87' lang='lat' dir='ltr'><strong>sine</strong></span> <span class='ocrx_word' id='word_1_147' title='bbox 944 3554 1077 3619; x_wconf 88' lang='lat' dir='ltr'><strong>nuribus</strong></span> <span class='ocrx_word' id='word_1_148' title='bbox 1096 3559 1132 3617; x_wconf 88' lang='lat' dir='ltr'><strong>et</strong></span> <span class='ocrx_word' id='word_1_149' title='bbox 1154 3551 1223 3616; x_wconf 88' lang='lat' dir='ltr'><strong>sino</strong></span> <span class='ocrx_word' id='word_1_150' title='bbox 1238 3549 1370 3615; x_wconf 83' lang='lat' dir='ltr'><strong>forami·</strong></span> 
     </span>
     <span class='ocr_line' id='line_1_33' title="bbox 351 3657 801 3756; baseline -0.011 -32"><span class='ocrx_word' id='word_1_151' title='bbox 351 3747 354 3756; x_wconf 30' lang='grc' dir='ltr'>Ι</span> <span class='ocrx_word' id='word_1_152' title='bbox 536 3657 636 3720; x_wconf 89' lang='lat' dir='ltr'><strong>nibus</strong></span> <span class='ocrx_word' id='word_1_153' title='bbox 652 3658 801 3722; x_wconf 86' lang='lat' dir='ltr'><strong>audiant.</strong></span> 
     </span>
     <span class='ocr_line' id='line_1_34' title="bbox 281 3756 1115 3840; baseline -0.011 -14"><span class='ocrx_word' id='word_1_154' title='bbox 281 3779 330 3826; x_wconf 82' lang='lat' dir='ltr'><strong>nr.</strong></span> <span class='ocrx_word' id='word_1_155' title='bbox 499 3759 553 3822; x_wconf 86' lang='lat' dir='ltr'><strong>De</strong></span> <span class='ocrx_word' id='word_1_156' title='bbox 568 3757 664 3834; x_wconf 82' lang='lat' dir='ltr'><strong>lucie,</strong></span> <span class='ocrx_word' id='word_1_157' title='bbox 679 3758 722 3822; x_wconf 90' lang='lat' dir='ltr'><strong>dc</strong></span> <span class='ocrx_word' id='word_1_158' title='bbox 737 3758 857 3835; x_wconf 84' lang='lat' dir='ltr'><strong>fronte,</strong></span> <span class='ocrx_word' id='word_1_159' title='bbox 873 3764 905 3821; x_wconf 88' lang='lat' dir='ltr'><strong>et</strong></span> <span class='ocrx_word' id='word_1_160' title='bbox 919 3756 1115 3840; x_wconf 87' lang='lat' dir='ltr'><strong>superciliis.</strong></span> 
     </span>
    </p>
   </div>
   <div class='ocr_carea' id='block_1_4' title="bbox 246 4029 1378 4228">
    <p class='ocr_par' dir='ltr' id='par_1_4' title="bbox 246 4029 1378 4228">
     <span class='ocr_line' id='line_1_35' title="bbox 282 4029 1375 4099; baseline -0.011 -10"><span class='ocrx_word' id='word_1_161' title='bbox 282 4035 364 4099; x_wconf 73' lang='lat' dir='ltr'><strong>Luud.</strong></span> <span class='ocrx_word' id='word_1_162' title='bbox 382 4036 462 4086; x_wconf 82' lang='lat' dir='ltr'><strong>Basil.</strong></span> <span class='ocrx_word' id='word_1_163' title='bbox 482 4031 575 4082; x_wconf 68' lang='lat' dir='ltr'><strong>Dulce·</strong></span> <span class='ocrx_word' id='word_1_164' title='bbox 594 4031 650 4082; x_wconf 76' lang='lat' dir='ltr'><strong>Eis·</strong></span> <span class='ocrx_word' id='word_1_165' title='bbox 667 4039 697 4082; x_wconf 77' lang='lat' dir='ltr'><strong>st</strong></span> <span class='ocrx_word' id='word_1_166' title='bbox 717 4033 898 4086; x_wconf 67' lang='lat' dir='ltr'><strong>Gronau-lo</strong></span> <span class='ocrx_word' id='word_1_167' title='bbox 916 4033 955 4083; x_wconf 81' lang='lat' dir='ltr'><strong>De</strong></span> <span class='ocrx_word' id='word_1_168' title='bbox 970 4032 1109 4081; x_wconf 71' lang='lat' dir='ltr'><strong>missalibus</strong></span> <span class='ocrx_word' id='word_1_169' title='bbox 1123 4030 1257 4092; x_wconf 72' lang='lat' dir='ltr'><strong>tuttguoet</strong></span> <span class='ocrx_word' id='word_1_170' title='bbox 1268 4029 1375 4091; x_wconf 69' lang='lat' dir='ltr'><strong>saligno</strong></span> 
     </span>
     <span class='ocr_line' id='line_1_36' title="bbox 283 4095 1378 4150; baseline -0.006 -2"><span class='ocrx_word' id='word_1_171' title='bbox 283 4099 498 4150; x_wconf 72' lang='lat' dir='ltr'><strong>susemttbmdd.</strong></span> <span class='ocrx_word' id='word_1_172' title='bbox 510 4099 640 4146; x_wconf 70' lang='lat' dir='ltr'><strong>vett-ll</strong></span> <span class='ocrx_word' id='word_1_173' title='bbox 658 4098 805 4150; x_wconf 73' lang='lat' dir='ltr'><strong>neannnua</strong></span> <span class='ocrx_word' id='word_1_174' title='bbox 818 4099 858 4149; x_wconf 82' lang='lat' dir='ltr'><strong>cut</strong></span> <span class='ocrx_word' id='word_1_175' title='bbox 876 4096 936 4148; x_wconf 83' lang='lat' dir='ltr'><strong>cdd.</strong></span> <span class='ocrx_word' id='word_1_176' title='bbox 951 4099 1080 4146; x_wconf 74' lang='lat' dir='ltr'><strong>vett—1²</strong></span> <span class='ocrx_word' id='word_1_177' title='bbox 1099 4095 1210 4144; x_wconf 73' lang='lat' dir='ltr'><strong>Historia</strong></span> <span class='ocrx_word' id='word_1_178' title='bbox 1221 4098 1315 4142; x_wconf 70' lang='lat' dir='ltr'><strong>sutura</strong></span> <span class='ocrx_word' id='word_1_179' title='bbox 1324 4095 1378 4142; x_wconf 75' lang='lat' dir='ltr'><strong>uui·</strong></span> 
     </span>
     <span class='ocr_line' id='line_1_37' title="bbox 246 4161 812 4228; baseline 0 -16"><span class='ocrx_word' id='word_1_180' title='bbox 246 4219 247 4224; x_wconf 13' lang='lat'>¹</span> <span class='ocrx_word' id='word_1_181' title='bbox 284 4165 381 4214; x_wconf 78' lang='lat' dir='ltr'><strong>mutiunt</strong></span> <span class='ocrx_word' id='word_1_182' title='bbox 397 4181 440 4228; x_wconf 79' lang='lat' dir='ltr'><strong>per</strong></span> <span class='ocrx_word' id='word_1_183' title='bbox 451 4163 545 4225; x_wconf 74' lang='lat' dir='ltr'><strong>singulo</strong></span> <span class='ocrx_word' id='word_1_184' title='bbox 563 4161 702 4212; x_wconf 75' lang='lat' dir='ltr'><strong>membrula</strong></span> <span class='ocrx_word' id='word_1_185' title='bbox 713 4162 812 4214; x_wconf 76' lang='lat' dir='ltr'><strong>iisdem.</strong></span> 
     </span>
    </p>
   </div>
   <div class='ocr_carea' id='block_1_5' title="bbox 0 0 1569 4876">
    <p class='ocr_par' dir='ltr' id='par_1_5' title="bbox 0 0 1569 4876">
     <span class='ocr_line' id='line_1_38' title="bbox 0 0 1569 4876; baseline 0 0"><span class='ocrx_word' id='word_1_186' title='bbox 0 0 1569 4876; x_wconf 95' lang='lat' dir='ltr'><strong> </strong></span> 
     </span>
    </p>
   </div>
  </div>
 </body>
</html>
