3016 4876
317 399 326 416 ‘
458 470 460 474 ,
492 417 623 466 suerro
647 417 670 464 1.
696 417 807 466 eluar
832 417 1014 469 010101Ν1.
1246 407 1290 474 87

207 556 305 641 cujus
328 557 456 623 initium
478 563 530 622 est
552 576 701 626 enrnrvs
725 575 928 639 sucvnnvs,
950 563 1129 646 dequoex
1150 563 1288 630 Panthei
1386 540 1394 553 Ι

206 657 337 722 fautore
357 679 479 742 quaero,
501 677 543 722 an
564 662 629 725 boc
654 679 773 726 nomen
793 681 834 726 uo
861 682 1044 743 cognomen
1057 664 1092 728 iu
1111 683 1153 728 eo
1176 665 1288 746 lapide

206 760 365 843 integrum
394 766 494 843 atqne
531 760 708 843 perlectum
735 762 859 843 legerit,
880 764 935 828 vel
964 764 1128 840 mutilum,
1154 764 1285 830 detritis

208 878 268 942 per
288 866 487 926 vetustatem
509 861 660 945 syllabis,
683 867 740 926 aut
760 863 866 926 literis
889 865 1067 942 nonnullis,
1090 865 1132 928 de
1155 883 1216 930 sno
1239 867 1289 930 iu·

209 960 305 1041 genio
319 957 459 1024 'Plinius
482 959 632 1025 Secundus
655 962 701 1026 sit
723 963 970 1045 interpretatus:
992 965 1094 1042 dicat,
1116 983 1159 1030 an
1180 971 1288 1048 neget,

208 1061 290 1126 mibi
311 1081 398 1126 curae
424 1081 490 1126 nou
510 1069 571 1140 est,
602 1064 658 1148 qni
682 1064 786 1128 sciam
809 1083 886 1130 eum
908 1067 1032 1130 ubovis
1054 1065 1154 1130 modo
1177 1084 1288 1132 causa

207 1167 328 1226 nostrae
340 1163 415 1245 plus
428 1182 505 1228 esse
517 1165 730 1247 profuturnm,
753 1184 851 1247 quam
868 1166 1040 1231 scribendo
1055 1167 1163 1232 animo
1188 1185 1209 1230 a
1232 1185 1290 1232 no·

209 1262 263 1326 bis
281 1263 452 1328 Pentheus
469 1264 550 1328 olim
571 1267 678 1330 alieno
699 1265 808 1330 inerit.
850 1265 889 1331 Si
903 1267 987 1330 enim
1003 1267 1125 1332 dixerit
1138 1267 1217 1332 1111111
1232 1285 1291 1332 no·

209 1363 290 1428 mini
318 1363 417 1428 Plinii
441 1384 482 1430 ac
504 1367 688 1448 cognomini
710 1366 866 1444 doluisse,
888 1368 994 1432 babeo
1020 1387 1105 1450 qnos
1128 1367 1290 1450 proferam

208 1469 315 1528 testes
329 1464 485 1530 adversos
499 1468 588 1530 viros
604 1468 829 1548 integerrimos
844 1465 1053 1532 Veronenses
1062 1465 1289 1532 Alexandrum

209 1563 439 1642 Benedictnm,
450 1567 595 1632 maxime
610 1586 690 1631 vero
699 1567 902 1650 Onnphrium
914 1567 1121 1645 Panviuinm,
1137 1568 1291 1651 antiquo·

209 1683 280 1728 rum
293 1665 571 1749 Epigrammatnm
585 1667 875 1747 studiosissimum,
885 1685 1022 1750 qnorum
1037 1673 1171 1750 uterque
1184 1668 1218 1731 in
1231 1685 1292 1732 no·

210 1764 298 1830 mine
313 1766 428 1830 literas
440 1769 614 1832 nonnullus
629 1768 820 1845 desiderari,
831 1769 865 1832 in
876 1769 1065 1850 cognomine
1081 1770 1181 1833 etiam
1191 1768 1291 1851 sylla-

208 1865 270 1930 bas
283 1866 436 1933 fateatur.
466 1870 524 1933 Sin
537 1871 581 1934 ob
598 1869 644 1948 id,
659 1870 749 1952 quod
764 1875 827 1945 est,
844 1888 931 1945 vere,
948 1873 982 1932 et
993 1869 1141 1951 ingenue,
1155 1887 1291 1952 respon·

209 1967 287 2032 dest
300 1961 634 2034 vetustatem'nomint
656 1969 818 2053 quasdam
833 1971 950 2034 literas
965 1969 1154 2045 abstulisse,
1170 1989 1290 2052 cogno·

209 2070 290 2132 ruini
306 2069 469 2152 syllabam
481 2071 636 2153 priorem,
652 2080 690 2136 ut
704 2069 891 2136 Alexander
900 2071 1112 2144 Benedictus,
1125 2078 1184 2135 aut
1195 2090 1291 2153 paene

209 2177 313 2233 totum
328 2169 500 2248 delevisse,
515 2177 597 2236 teste
618 2172 781 2236 Panvinio
797 2187 948 2236 ..111110
960 2217 968 2234 .
980 2177 1124 2236 ‚tantum
1141 2174 1290 2254 legente;

210 2289 281 2347 cnr,
289 2289 402 2336 rursus
411 2271 574 2354 interrogo
588 2281 630 2346 te,
643 2273 779 2355 perinde
788 2291 827 2336 ac
836 2273 994 2353 integrum
1005 2271 1173 2338 Pentheus
1187 2276 1290 2355 scrip-

211 2372 269 2447 sit,
285 2391 392 2455 ueque
406 2375 562 2440 lectorem
577 2373 798 2438 deficientium
817 2373 850 2437 in
874 2374 979 2455 primo
998 2373 1175 2450 literarum,
1194 2375 1226 2438 iu
1243 2374 1291 2438 al-

211 2477 281 2534 tero
307 2474 507 2557 syllabarum
537 2473 728 2539 admonuitl
771 2471 861 2550 Quid
890 2475 947 2549 ita,
979 2475 1133 2555 inquient
1176 2473 1290 2552 Quint
1420 2459 1424 2470 ⁴

210 2573 290 2654 qnia
305 2575 382 2638 volo
406 2575 532 2640 clientis
556 2576 606 2639 tui
628 2577 690 2638 boc
713 2576 788 2640 loco
812 2575 981 2649 astutiam,
1003 2593 1042 2638 ne
1066 2574 1134 2638 doli
1148 2576 1291 2654 graviori

210 2675 313 2738 verbo
326 2683 412 2753 utar,
427 2678 566 2744 elucere.
610 2676 757 2741 Videbat
780 2675 878 2740 homo
901 2675 1135 2756 sagacissimus
1155 2677 1187 2742 111
1212 2677 1291 2760 Epi-

210 2783 391 2852 grammata
406 2797 525 2842 nomen
549 2797 590 2843 ac
611 2795 794 2858 cognomen
816 2775 978 2857 integrum
994 2777 1133 2840 relatum
1158 2777 1202 2842 ad
1226 2785 1291 2842 tre·

209 2879 381 2943 ducendos
403 2880 579 2962 legentium
599 2879 775 2944 animosis
791 2877 987 2943 senteutiam
1008 2895 1101 2941 suam
1117 2878 1291 2959 plurimum

211 2981 419 3046 auctoritatis
434 3001 508 3046 esse
527 2981 724 3056 babituram,
745 2978 836 3062 quod
852 2979 881 3042 si
897 2997 1047 3042 mancum
1063 2977 1242 3054 retulisset,
1257 2988 1292 3044 et

213 3081 257 3142 ob
270 3087 464 3144 vetustatem
480 3081 627 3146 mutilum
649 3101 723 3145 esse
735 3081 886 3157 dixisset,
902 3126 911 3144 .
925 3123 955 3141 ..
971 3095 1073 3144 rnrvs
1089 3080 1195 3162 primo
1213 3080 1290 3144 loco

211 3190 341 3245 tantum
355 3203 544 3265 superesse,
564 3201 667 3247 exeso
693 3182 870 3264 principio,
886 3181 988 3246 altero
1014 3196 1231 3257 ...evenus
1253 3188 1292 3245 ut

212 3283 406 3346 Alexandro
420 3285 562 3361 videtur,
579 3327 606 3345 ..
621 3331 627 3346 .
645 3299 729 3347 unu.
744 3329 750 3344 .
765 3329 773 3346 .
788 3291 826 3347 nt
847 3281 1013 3346 Panvinio
1029 3279 1151 3363 placet,
1167 3281 1292 3345 detritis

211 3383 361 3465 pluribus
376 3384 526 3466 syllabis,
540 3403 581 3449 eo
596 3404 633 3448 se
656 3384 736 3448 1111111
760 3383 896 3448 eosdem
919 3383 1023 3446 fnisse
1043 3387 1291 3474 commoturum.

213 3483 291 3548 Hoc
308 3486 396 3562 dico,
413 3487 596 3567 intelligens
612 3485 790 3563 Pentheus,
805 3491 934 3551 astutus
951 3489 1119 3564 patronus,
1141 3481 1219 3548 licet
1232 3483 1292 3546 lul-

212 3605 282 3662 sus,
313 3586 420 3651 videri
444 3587 574 3664 maluit,
599 3605 699 3670 quam
722 3587 856 3668 ineptus
877 3590 911 3648 at
931 3584 1107 3650 incallidus
1130 3583 1293 3659 defensor,

211 3692 313 3769 atque
329 3686 514 3752 advocatus
528 3689 614 3751 veris
630 3687 769 3752 testibus
785 3685 966 3767 productis,
981 3684 1013 3748 id
1036 3683 1157 3760 effecit,
1172 3690 1208 3747 ut
1223 3683 1293 3746 An-

212 3788 309 3851 dreas
326 3787 489 3864 Alciatus,
514 3787 768 3872 Epigrammstis
789 3787 918 3852 initium
945 3786 1077 3850 omuino
1097 3785 1147 3848 sic
1161 3784 1294 3859 habere,

211 3889 661 3967 sicntdicebatur‚e1,1n1vs
677 3904 882 3964 sensusve,
897 3888 1087 3962 arbitratus,
1103 3902 1292 3968 quanquam

213 3988 359 4054 Plinium
381 3989 575 4054 Comensem
597 4009 754 4054 essenon
779 3989 954 4065 dubitaret,
980 4007 1022 4051 eo
1051 4004 1154 4068 usque
1183 3991 1293 4048 tumen

211 4091 393 4174 perplexus
407 4111 467 4174 pro
490 4093 587 4157 nobis
612 4091 822 4175 pronuntiare
844 4109 910 4154 nou
933 4089 1033 4154 luerit
1050 4105 1166 4162 ansus,
1185 4084 1293 4152 donec

212 4193 330 4258 certior
352 4193 461 4277 lectius
481 4191 701 4258 deficientium
726 4193 760 4257 111
783 4191 893 4258 Plinio
918 4190 1096 4274 primarum
1116 4189 1293 4266 literarum,
