3006 4874
434 429 566 478 sucuro
590 429 631 480 rr.
657 431 769 479 rrum
792 431 976 482 creamur.
1183 417 1247 486 105

160 571 296 652 quando
311 569 481 654 professus
496 581 557 650 est,
572 591 630 655 per
645 591 733 655 quos
748 573 923 656 profecerit
938 575 971 637 in
984 574 1123 656 singulis
1136 575 1247 638 libris:

160 671 241 736 lorti
264 689 343 736 vero
366 673 466 755 culpa
491 673 618 737 recidat
642 675 677 738 in
701 675 936 740 Dioscoridem
956 693 1064 752 snum,
1085 676 1142 758 qui
1167 695 1246 740 nus·

134 840 136 844 ,
162 789 263 853 quam
276 774 454 856 quicquam
471 793 508 837 sa
527 793 570 838 ex
590 775 666 839 aliis
684 777 844 839 sumsisse
864 777 1064 858 profiteatur,
1079 795 1247 858 nusquam

160 891 347 956 quenquam
371 873 524 939 Materiae
547 875 692 942 Medicae
715 879 910 960 scriptorem
940 877 1098 954 nominet,
1127 879 1189 940 nisi
1211 880 1247 942 in

160 971 430 1051 pictationem
448 975 503 1040 vel
519 983 554 1040 ut
566 977 673 1040 salsos
689 979 834 1054 accuset,
851 979 903 1042 vel
917 985 955 1044 ut
969 977 1152 1054 inchoatos,
1163 983 1198 1042 ot
1212 979 1247 1041 in

160 1075 334 1138 tractanda
350 1076 663 1141 medicamentorum
687 1077 825 1143 historia
840 1099 881 1143 ac
896 1087 1014 1144 natura
1032 1077 1181 1162 jejunos,
1195 1087 1246 1143 at-
1355 1103 1359 1109 ’

161 1195 226 1257 que
251 1176 429 1242 admodum
451 1197 581 1258 parcos,
602 1184 659 1242 aut
679 1178 825 1256 damnet,
848 1189 908 1243 aut
926 1199 1039 1262 parurn
1055 1187 1143 1244 certe
1158 1200 1247 1246 corn-

161 1276 303 1354 mendet,
317 1295 354 1341 se
368 1278 474 1342 solum
490 1280 691 1361 praedicans,
706 1281 763 1362 qui
783 1289 887 1344 totam
904 1281 990 1345 hanc
1005 1289 1132 1363 partem
1149 1283 1246 1345 abso·

161 1377 267 1442 lotam
283 1381 466 1461 posteritati
479 1380 662 1446 tradiderit.
700 1383 848 1465 Denique
864 1383 1007 1446 consilio
1021 1382 1088 1445 isto
1102 1381 1246 1464 plurium
1302 1445 1303 1450 ,

162 1469 360 1560 scriptorum
385 1481 654 1545 nominandorum
677 1483 801 1565 quibus
824 1483 1030 1567 adjutoribus
1051 1501 1150 1564 opere
1174 1488 1247 1546 toto

162 1578 207 1642 sit
221 1599 315 1657 osus,
326 1600 368 1645 eo
380 1583 545 1666 pra-,terito
557 1601 657 1666 quem
673 1584 913 1665 expilasset‚ut
924 1585 967 1647 ab
979 1585 1067 1646 omni
1081 1581 1157 1646 lorti
1173 1602 1247 1646 sus·

163 1679 297 1763 picione
314 1683 457 1761 obesset,
477 1703 543 1747 non
565 1684 694 1747 videtur
707 1684 788 1747 mihi
802 1684 930 1748 Plinius
946 1693 1062 1747 votum
1077 1702 1172 1746 suum
1194 1702 1248 1746 as·

165 1788 313 1846 secutus.
357 1781 537 1850 Faciamus
552 1788 652 1863 enim,
668 1784 802 1864 Patres,
817 1786 1025 1850 Dioscuridis
1047 1803 1149 1867 opera
1170 1805 1247 1852 cum

164 1880 239 1945 allis
252 1883 366 1948 multis
381 1888 530 1970 periisse,
541 1888 653 1968 ipsum
665 1887 766 1951 etiam
783 1906 900 1950 nomen
916 1907 1049 1970 prorsus
1064 1887 1248 1958 extinctum

163 1999 247 2048 csse.
291 1983 377 2062 Quis
388 1987 503 2052 credat
515 2007 556 2051 ea
569 1989 692 2064 omma,
706 2007 783 2070 quae
796 2007 882 2052 nunc
893 2007 937 2051 ex
951 1985 1149 2051 Dioscoride
1159 2005 1247 2050 sum·

164 2089 201 2146 tn
214 2084 248 2147 iu
263 2086 374 2150 Plinio
388 2088 451 2170 legi
464 2089 675 2165 contendunt,
690 2088 852 2152 industria
861 2088 964 2151 Plinii
979 2097 1078 2170 atque
1093 2087 1251 2152 observa-

164 2183 255 2249 tione
274 2207 349 2251 csse
371 2191 486 2270 potius
510 2191 655 2266 inventa,
671 2208 772 2271 quam
787 2207 831 2253 ex
847 2197 898 2253 tot
913 2188 1065 2264 medicis,
1087 2195 1169 2270 quot
1182 2189 1249 2254 sibl

164 2287 205 2350 de
232 2287 375 2364 Materia
398 2290 533 2354 Medica
554 2290 722 2355 scribendi
748 2294 898 2354 auctores
918 2288 1025 2352 fuisse
1053 2307 1118 2353 non
1140 2289 1248 2353 solum

164 2395 314 2464 testatur,
329 2390 502 2456 sedetiam
518 2391 685 2456 materiam
696 2410 826 2456 omnem
842 2389 1118 2461 subministrasse,
1130 2390 1181 2454 cui
1198 2391 1250 2454 ni-

166 2489 212 2553 lril
227 2491 301 2573 plus
312 2493 426 2568 studii,
437 2499 536 2575 atque
542 2511 654 2575 operae
668 2493 711 2556 ab
725 2493 802 2575 ipso
816 2491 884 2555 lere
900 2485 1202 2574 accesserit,'quam
1213 2496 1249 2556 ut

165 2609 238 2654 eam
253 2593 476 2670 exscriberet3
498 2593 571 2676 quis
592 2591 715 2670 credat,
730 2599 767 2657 ut
788 2592 990 2656 institueram
1006 2590 1128 2686 dicere,
1142 2611 1164 2657 a
1179 2593 1250 2657 1²11-

166 2693 221 2757 nio
237 2694 361 2775 potius‚
380 2713 479 2776 quam
501 2695 544 2756 iis
566 2694 778 2774 scriptoribus
800 2713 840 2757 oa
862 2694 1014 2775 prolecta
1036 2695 1139 2758 esset
1176 2693 1251 2776 Ego

165 2813 257 2870 saue,
271 2794 374 2875 quiin
389 2813 429 2858 ea
444 2794 600 2878 opinione
616 2793 673 2857 diu
689 2795 811 2858 callum
826 2793 963 2870 obduxi,
979 2813 1038 2876 per
1053 2813 1162 2877 quam,
1178 2794 1250 2860 Pli-

166 2895 256 2958 nium
273 2913 375 2978 opera
389 2894 596 2960 Dioscoridis
607 2913 756 2977 unquam
771 2895 904 2976 legisse,
918 2905 958 2958 ut
966 2893 1099 2957 credam
1113 2913 1249 2978 persua·

167 2997 236 3060 deri
252 3017 316 3061 non
338 3016 489 3081 possum,
505 2997 617 3061 nescio
637 3016 678 3060 an
698 2997 876 3081 quicquam
895 2995 930 3058 in
950 3014 990 3058 eo
1006 2994 1064 3072 sit,
1079 2995 1168 3077 quod
1182 2995 1252 3081 (his

166 3099 328 3182 exceptis,
342 3098 385 3162 de
400 3099 522 3180 quibus
540 3117 636 3161 suum
652 3103 763 3181 aperte
780 3094 946 3178 judicium
970 3105 1074 3178 atque
1095 3097 1251 3162 observa„

167 3201 287 3264 tionem
301 3219 396 3265 suam
418 3201 609 3282 interponit,
624 3218 698 3283 quse
712 3218 810 3263 nemo
824 3205 874 3262 est
888 3199 922 3262 in
939 3197 1177 3278 Dioscoridem,
1193 3207 1253 3266 aut

167 3301 268 3366 alium
287 3303 441 3385 quemuis
455 3303 646 3385 scriptorem
661 3300 822 3364 relaturus
837 3319 880 3363 ex
893 3299 1098 3377 unctoribus,
1114 3319 1251 3382 quorum

166 3405 300 3469 nomina
313 3403 407 3468 libris
427 3404 564 3485 singulis
586 3401 727 3486 profixa
746 3402 914 3484 legimus)
929 3401 1161 3483 transcriptum
1175 3419 1253 3466 esse

167 3526 228 3591 pro
257 3506 424 3570 constanti
448 3506 625 3589 recipiam:
648 3514 781 3588 poterat
806 3512 981 3568 auctorum
1003 3499 1062 3565 illa
1085 3501 1253 3568 subticere

167 3607 308 3685 nomina,
320 3606 471 3689 sialiqua
483 3605 656 3670 caliditate
667 3605 790 3670 suisset
799 3603 945 3680 illectus,
957 3620 1096 3686 sperans
1105 3602 1171 3669 hoc
1184 3606 1254 3669 ani·

168 3709 213 3776 nri
227 3708 281 3774 sni
296 3706 452 3784 consilio,
467 3713 506 3771 ut
518 3706 571 3770 bis
584 3704 764 3789 aliquando
786 3704 905 3790 injuria
925 3703 1082 3786 temporis
1097 3704 1252 3784 sublatis,

168 3829 281 3874 eorum
301 3825 416 3891 opera,
430 3827 506 3891 quae
522 3815 594 3871 tum
613 3807 738 3891 passim
754 3807 949 3888 legerentur,
966 3825 1028 3870 sua
1041 3825 1117 3869 esse
1130 3805 1254 3870 luteus

168 3911 302 3976 seculis
324 3907 550 3986 crederentor3
572 3913 685 3991 atque,
703 3915 742 3970 ut
762 3912 921 3989 qnantum
937 3905 1060 3970 viventi
1075 3904 1140 3970 sibi
1160 3906 1252 3987 igno·

168 4013 304 4076 miniam
321 4009 419 4074 dolus
435 4008 658 4092 deprehensus
673 4007 870 4092 peperisset,
886 4005 974 4070 idem
988 4005 1152 4070 beneficio
1170 4010 1252 4070 tem-

167 4105 262 4197 poris
274 4111 437 4178 oblivioni
451 4111 595 4176 traditus
604 4114 732 4173 mortuo
744 4107 936 4172 tantundem
946 4106 1060 4187 gloriae
1069 4112 1159 4168 esset
1170 4107 1253 4172 alla·

168 4223 281 4280 turns:
304 4229 380 4295 quoe
399 4211 464 4277 sibi
487 4215 637 4276 auctores
659 4207 852 4286 nominatim
874 4206 1036 4284 referenti,
1056 4206 1085 4272 si
1109 4226 1250 4290 quorum
