3004 4872
457 413 651 462 annuncio
675 413 728 460 ro.
752 411 959 460 sanemur.
1210 395 1250 460 11

160 557 217 624 Ex
237 555 413 622 Hadriano
431 555 533 622 Junio
558 554 693 633 deinde,
712 553 820 619 Caelio
843 553 1047 638 Rhodigino,
1068 553 1252 617 Alexandri

160 661 205 724 ab
219 658 417 725 Alexandro
432 657 629 724 Genialibns
653 657 797 735 Diebus,
819 664 922 740 atque
944 655 1133 721 istiusmodi
1146 663 1250 722 sectae

159 761 359 839 bominibus,
375 760 432 825 ubi
447 778 484 824 se
499 760 552 824 vel
566 759 701 825 minima
723 779 805 824 aura
819 759 927 836 offert,
940 757 1044 822 multa
1057 758 1204 840 congerit
1218 762 1252 824 ei

160 862 332 940 conseruit,
352 879 429 945 quae
452 861 496 928 ad
516 861 710 928 eruditionis
728 863 851 927 samam
870 859 1100 944 aucupandam
1118 859 1254 924 valeant

161 963 289 1048 aliquid
304 985 399 1043 sane,
415 965 474 1030 sed
489 965 557 1030 siut
569 965 689 1031 eadem
704 985 726 1031 a
741 965 887 1030 Pliniani
902 965 1014 1049 operis
1029 964 1251 1029 illustratione

163 1067 277 1132 aliena
293 1087 395 1150 quam
410 1067 566 1132 maxime.
608 1067 649 1132 ln
664 1088 700 1133 re
712 1067 830 1132 deiude
845 1067 1008 1144 barbaria,
1022 1064 1251 1148 viralioquiin

162 1187 204 1233 eo
224 1185 353 1251 genere,
379 1173 417 1233 ut
439 1187 510 1251 pree
533 1187 571 1234 se
592 1169 682 1247 tulit,
695 1169 911 1244 exercitatus,
926 1168 986 1250 qui
999 1168 1168 1232 volumina
1182 1167 1251 1232 duo

161 1271 307 1352 iugentia
329 1270 394 1336 boc
421 1270 462 1335 de
484 1280 679 1354 argumento
698 1269 824 1350 effudit,
845 1270 965 1334 mirum
979 1277 1064 1352 quot
1077 1269 1111 1333 iu
1126 1287 1251 1333 errores

161 1373 237 1456 ipse
253 1371 416 1449 inciderit,
426 1376 508 1455 quoi
521 1371 631 1438 Plinio
645 1372 731 1438 idam
747 1373 916 1457 objecerit,
928 1391 1069 1456 quorum
1080 1379 1251 1453 expertem

162 1492 239 1539 eum
258 1481 294 1538 et
316 1474 494 1538 immunem
514 1493 589 1540 esse
614 1475 688 1539 suis
708 1473 794 1539 locis
810 1473 940 1539 docturi
955 1491 1080 1536 sumus.
1122 1470 1190 1537 Sed
1204 1471 1252 1536 in·

162 1575 321 1642 credibile
334 1575 424 1640 dictu
440 1582 504 1654 est,
519 1582 603 1661 quot
618 1577 652 1641 iu
667 1597 702 1642 re
719 1577 860 1652 medica,
873 1575 938 1640 hoc
952 1583 1013 1653 est,
1028 1574 1063 1638 in
1078 1593 1120 1638 ea
1132 1580 1203 1636 arte
1217 1573 1250 1636 in

160 1696 230 1761 qna
239 1677 402 1742 excellere
416 1676 627 1760 potissimum
641 1677 734 1744 illum
748 1678 870 1755 decuit,
881 1675 1048 1758 σφάλματα
1060 1674 1250 1740 admiserit:

162 1779 236 1844 sive
252 1797 328 1844 cum
342 1775 586 1844 medicamenta
600 1797 622 1844 a
637 1778 748 1845 Plinio
771 1781 947 1864 proposita
967 1795 1139 1863 perperam
1162 1777 1250 1842 acci-

160 1882 233 1964 pit:
249 1882 320 1946 sive
332 1899 407 1946 cum
423 1881 534 1948 allatis
548 1881 714 1946 variorum
729 1883 881 1947 codicum
900 1881 1110 1957 lectionibus,
1123 1880 1251 1944 ineerta

159 2001 202 2048 ea
216 1982 363 2048 remedia
377 1981 478 2048 facit:
491 1984 562 2050 sive
576 2003 654 2048 cum
668 2003 713 2048 ex
727 1983 846 2048 iisdem
862 1986 1014 2048 correcto
1027 1982 1081 2047 uel
1094 1986 1249 2064 corrupto

159 2084 278 2167 potins
290 2084 390 2150 Plinii
406 2090 576 2164 contextu,
589 2085 832 2150 medicamenta
850 2084 939 2150 salsa
954 2103 1018 2169 pro
1033 2083 1122 2151 veris
1138 2083 1251 2147 obtru-

161 2185 231 2252 dit:
245 2187 318 2251 sive
333 2186 475 2270 deniqne
497 2206 572 2251 eum
591 2192 798 2271 praepostera
812 2186 1081 2269 interpretatione
1096 2184 1250 2249 Pliniana

159 2287 290 2371 placitu
320 2288 363 2353 ad
387 2307 491 2371 genus
514 2288 623 2352 morbi
649 2286 803 2352 banalert
827 2285 927 2370 plane
949 2284 1115 2350 diversum
1137 2284 1180 2348 ab
1207 2303 1250 2350 eo

160 2407 259 2472 quem
274 2389 403 2456 Plinius
417 2391 599 2456 intellexit:
614 2394 648 2454 et
661 2387 920 2470 interpunctione
934 2405 1091 2470 perversa
1104 2386 1251 2450 remedia

159 2491 343 2574 permiscet
356 2499 596 2575 permutatque,
608 2491 745 2556 nimium
760 2509 841 2554 sane
852 2509 953 2573 qnam
965 2487 1165 2571 periculose.
1186 2485 1250 2550 At·

160 2609 228 2674 que
241 2591 315 2658 boec
328 2597 437 2662 tamen
460 2612 563 2677 opere
576 2600 638 2671 est,
658 2593 692 2658 in
715 2612 783 2676 qua
805 2592 947 2656 sudasse
963 2609 1000 2656 se
1014 2598 1050 2656 et
1065 2590 1251 2667 anhelasse,

160 2713 409 2779 aerumnamque
432 2694 640 2762 decennalem
669 2713 863 2778 perpessum
884 2713 971 2772 esse,
997 2693 1033 2756 in
1057 2691 1250 2776 praefatione

160 2797 274 2880 operis
289 2803 504 2862 contestatur.

202 2896 253 2964 At
266 2916 331 2964 non
343 2900 432 2963 omni
442 2915 487 2962 ex
497 2904 594 2982 parte
605 2896 818 2962 nihilomiuus
829 2895 1054 2980 aspernandus
1069 2895 1130 2958 viri
1144 2895 1250 2959 labor.

160 2998 334 3064 Debemus
359 3000 445 3065 euim
471 2999 504 3064 ei
527 2999 753 3082 antiquissimi
774 2997 913 3076 codicis,
931 2997 990 3081 qui
1004 2994 1249 3073 cuifflettifuit,
1331 2991 1335 3000 '

160 3099 290 3166 Medici
312 3101 502 3179 Vesontim',
527 3102 637 3180 variae
660 3101 832 3178 lectiones,
856 3119 942 3185 quas
965 3115 1095 3162 summa
1115 3096 1182 3161 ddo
1207 3115 1248 3161 ac

160 3202 330 3286 diligentia
344 3205 482 3286 margini
507 3221 578 3268 suae
601 3201 752 3267 editionis
776 3201 934 3267 attexuit:
962 3199 1176 3282 alteriusque,
1191 3197 1249 3280 qui

161 3305 297 3392 anaoii
311 3307 386 3371 luit.
431 3305 474 3372 Et
488 3306 606 3370 ambos
620 3304 745 3387 utique,
760 3305 819 3367 ubi
839 3322 926 3385 opus
939 3302 1012 3378 erit,
1026 3300 1061 3364 in
1076 3303 1177 3364 testes
1191 3297 1249 3362 ad·

158 3409 357 3474 vocabimus
369 3406 669 3490 astipulatoresque
685 3403 961 3468 Emendationum
975 3407 1174 3464 nostrarum.

205 3507 255 3574 Hi
274 3508 343 3574 fere
359 3515 436 3573 suut
449 3509 508 3590 qui
530 3512 635 3571 totum
656 3523 741 3588 opus
756 3521 930 3587 percurare
946 3501 1178 3585 quoquomodo
1191 3520 1249 3583 ng·

160 3609 268 3692 gressi
279 3613 375 3673 snut:
390 3608 503 3685 ceteri,
516 3625 657 3691 quornm
669 3611 720 3670 est
735 3605 850 3686 ingens
864 3605 974 3682 turba,
989 3603 1042 3669 vel
1055 3603 1150 3667 locos
1165 3603 1249 3666 dun-

161 3718 260 3776 taxat
274 3710 406 3794 aliquos
423 3709 594 3775 saltuatim
620 3727 665 3771 ex
688 3712 757 3772 toto
776 3724 877 3790 opere
899 3704 1077 3782 delibatos,
1090 3723 1132 3768 ac
1144 3705 1249 3769 veluti

160 3814 195 3878 in
210 3817 400 3878 transumsu
415 3811 569 3893 attigere:
593 3809 649 3873 vel
669 3808 865 3893 particulam
881 3807 1029 3890 aliquam
1044 3824 1089 3872 ex
1104 3813 1172 3871 tam
1187 3807 1248 3870 im·

160 3916 249 3980 mani
262 3931 400 3996 corpore
413 3917 577 3978 resectam
589 3910 753 3992 delegere,
763 3910 797 3974 iu
812 3927 880 3993 qua
894 3909 1111 3975 elaborarent.

203 4015 388 4080 Priorume
403 4031 540 4078 numero
553 4013 713 4078 familiam
732 4010 826 4075 ducit
848 4009 1026 4092 Philippus
1049 4005 1247 4084 Beroaldus,

161 4117 219 4202 qni
247 4117 383 4181 notulas
411 4115 530 4181 breves
555 4114 696 4180 editioni
722 4111 899 4194 Parmensi
928 4108 1114 4194 subjunxit,
1142 4108 1247 4173 tribus

161 4216 260 4285 ferme
275 4216 415 4300 pagellis
427 4211 694 4302 comprehensas.
