3016 4876
446 384 639 436 rssrsrrc
662 387 714 436 ro.
738 387 942 438 sssncrrrr.
1193 373 1234 450 11

143 532 337 608 crepantem
353 527 398 591 eb
413 528 490 593 eliis
505 529 699 612 scripturam
716 529 958 613 Delecempius
973 531 1007 593 in
1019 549 1080 595 sna
1090 529 1234 596 editione

141 625 305 692 exhibuit.
349 626 437 692 Item
450 628 646 694 OEbletnnnm
666 636 701 695 et
723 631 1031 708 salmanticensem,
1053 649 1139 713 quos
1155 630 1237 695 Pin·

141 727 253 792 timus
275 728 403 792 laudnt.
456 729 749 797 Son-Victorinum
766 749 900 815 quoque
919 731 1000 818 (etsi
1023 751 1108 798 nnnc
1133 734 1234 799 amis·

140 846 218 890 snm
243 826 361 911 sudio)
383 828 481 912 cujus
506 829 669 895 lectiones
692 832 794 895 varim
808 833 842 895 in
857 832 963 896 libros
979 832 1079 897 Plinii
1094 833 1234 917 aliquot,

141 927 264 992 eruditi
279 929 467 1013 cujuspiam
483 931 545 995 riri
559 949 660 996 menn
674 943 834 1009 exerotoe,
849 933 884 996 in
899 933 1106 998 Bibliotheca
1117 941 1234 999 nostre

141 1038 368 1093 asservantur.
455 1115 457 1120 Α

187 1127 285 1192 Fecit
299 1134 334 1193 et
347 1130 531 1194 amicornm
545 1130 702 1207 comites,
725 1138 762 1195 ut
786 1131 924 1196 eliorum
944 1141 1104 1215 praeterea
1119 1152 1233 1198 exem·

142 1228 285 1313 plarinm
299 1227 400 1292 fidem
415 1237 518 1313 etque
534 1233 776 1310 anctoritatem,
798 1234 862 1298 etsi
877 1235 996 1316 procul
1010 1235 1175 1312 abessent,
1199 1236 1233 1299 in

142 1330 324 1394 consilinm
347 1330 595 1406 adhibuerimus
619 1333 782 1398 interdum
807 1332 850 1396 de
871 1332 1112 1398 difficilioribus
1133 1334 1232 1400 locis.

143 1427 174 1492 Ε
188 1435 318 1512 septem
331 1432 509 1498 Vaticanis
519 1432 693 1498 codicibus
704 1441 816 1498 sumta
827 1433 1018 1499 testimonia
1032 1433 1133 1500 Petro
1147 1433 1234 1500 Poe·

142 1530 217 1595 aino
241 1531 410 1610 debemus,
432 1534 490 1616 qni
516 1541 588 1598 tum
611 1532 732 1598 Romte
759 1535 890 1616 egebat,
920 1534 992 1598 rire
1017 1554 1037 1597 e
1064 1533 1232 1600 Soeietete

142 1639 270 1708 nostre,
290 1633 454 1698 editorum
477 1652 614 1717 operum
628 1634 729 1717 copie
743 1643 778 1699 et
790 1635 966 1719 multiplici
981 1634 1133 1700 doctrina
1147 1635 1235 1700 eele-

142 1733 346 1799 bratissimo.
401 1735 432 1799 Ε
456 1734 683 1818 Lugdunensi,
707 1735 748 1800 P.
773 1731 983 1812 Charonerio,
1013 1734 1232 1804 Bibliotheca

141 1831 214 1915 ejus
228 1831 367 1916 collegii
383 1834 561 1901 Prael'ecto.
604 1835 660 1898 Ex
674 1835 744 1899 elio
768 1834 922 1918 denique,
945 1837 1002 1918 qui
1021 1835 1099 1900 olim
1124 1837 1235 1902 sancti

143 1931 323 1999 Micbs'elis
336 1935 412 2011 fuit,
435 1953 521 2000 nunc
534 1942 587 2001 est
601 1932 755 2000 Coenobit
768 1935 1015 2013 Rbedonensis,
1041 1936 1081 2001 P.
1109 1936 1232 2004 Mauro

140 2032 328 2110 Andronis,
343 2054 362 2098 e
377 2033 596 2100 Benedictine
608 2033 750 2100 semilis.

186 2134 662 2218 Contulitpraetereenonnihil
671 2135 756 2218 epis,
766 2137 829 2200 etsi
839 2136 1235 2219 perpusillum,lllustris·

141 2234 218 2300 sinti
227 2233 301 2300 Viri
311 2234 484 2300 Gnillelmi
495 2235 660 2301 Pollicerii
669 2235 832 2319 Episcopi
842 2236 1119 2319 Monspeliensis,
1127 2239 1234 2322 quili-
1285 2257 1303 2327 Ἰ

141 2342 285 2400 terarum
296 2355 371 2402 arro
386 2357 463 2414 sno,
477 2344 513 2401 et
526 2335 614 2400 idem
626 2335 754 2400 ordinis
767 2335 820 2400 sni
833 2335 938 2402 decus
947 2343 1048 2419 atque
1061 2355 1232 2404 ornamen-

142 2443 214 2500 tum
222 2436 299 2514 snit,
310 2438 438 2519 gemina
446 2436 645 2513 lucubratio,
654 2455 752 2500 manu
764 2435 873 2520 ipsius
884 2444 1033 2514 exarata,
1045 2454 1116 2521 qna
1125 2437 1233 2503 Bibli-

141 2535 295 2602 ethecam
305 2537 379 2620 ipse
389 2545 535 2603 nostram
545 2536 705 2601 donarit:
719 2536 836 2615 altera,
846 2554 924 2621 qum
935 2544 1067 2602 comtat
1075 2537 1233 2602 vedanti-

141 2638 215 2715 bus,
226 2643 263 2702 nt
274 2637 376 2715 aiunt,
386 2638 588 2703 lectionibus
597 2638 806 2720 plurimorum
821 2637 986 2714 codicum,
998 2636 1042 2702 ed
1052 2656 1142 2702 oram
1157 2639 1234 2704 libri

142 2739 331 2803 annotinis:
346 2738 452 2803 altere
470 2738 634 2822 prolixior
648 2738 762 2820 panio,
773 2739 862 2802 notis
877 2741 911 2803 et
930 2737 1131 2820 conjecturis
1146 2738 1180 2801 in
1195 2737 1234 2802 li·

141 2840 221 2902 bros
231 2837 499 2922 Geogrnphicos,
510 2845 579 2903 tnm
590 2837 718 2919 sparsis
727 2836 867 2902 subinde
878 2837 982 2900 veluti
991 2834 1141 2900 flosculis
1149 2837 1183 2900 in
1192 2836 1234 2900 li·

142 2941 238 3004 brom
250 2948 419 3016 cetarum,
434 2940 494 3024 qni
509 2938 552 3002 de
564 2937 756 3002 animalium
769 2942 886 3002 natura
896 2937 983 3022 agit:
1000 2937 1235 3003 tumnonnnlln

143 3059 280 3123 qnoque
301 3059 345 3106 ex
361 3041 503 3123 partein
524 3039 646 3104 librum
668 3039 858 3122 septimum,
878 3047 912 3103 et
926 3056 1056 3114 nonum,
1072 3036 1129 3100 nbi
1142 3037 1233 3102 sacto

2 3131 3 3146 ¹
143 3142 277 3206 demum
291 3141 355 3206 line
370 3141 588 3224 conquiescit.
631 3137 758 3205 Verum
771 3140 807 3202 in
820 3137 1065 3220 Geogrnpbicis
1079 3135 1137 3200 ille
1153 3155 1234 3200 con·

137 3240 283 3324 jacturis
310 3241 412 3306 modo
440 3246 474 3305 et
499 3240 585 3304 Mss.
608 3258 674 3304 non
699 3239 814 3322 ntique
843 3237 1088 3323 probatissimis
1116 3237 1233 3300 utitur:

143 3339 303 3406 Graecum
314 3341 523 3424 scriptorem,
535 3339 593 3423 qui
608 3340 650 3402 de
664 3339 732 3404 situ
747 3346 905 3404 terrerum
919 3337 1034 3418 egerit,
1046 3335 1164 3400 laudat
1179 3353 1234 3399 se-

143 3443 319 3525 quiturque
333 3442 515 3506 neminemz
529 3441 564 3504 in
579 3443 713 3517 octnro,
727 3436 941 3503 Aristotelem
956 3454 1068 3501 unum.
1089 3434 1233 3513 Quoties

144 3551 257 3610 temen
272 3562 317 3608 ex
331 3561 373 3608 eo
386 3542 633 3627 profecerimus,
652 3558 721 3603 non
741 3538 851 3604 solnm
865 3537 1107 3612 confitebimur,
1122 3536 1183 3601 sed
1199 3542 1234 3601 et

143 3643 426 3728 praedicabimus:
452 3644 631 3718 bominem,
648 3653 688 3705 ct
711 3659 772 3724 par
790 3645 852 3717 est,
871 3657 949 3704 cum
967 3637 1100 3702 honoris
1113 3637 1234 3720 praela·

144 3747 235 3810 tione
260 3745 486 3828 appellantesr
515 3749 618 3825 atquo
642 3741 701 3806 nbi
725 3739 868 3806 refellere
895 3757 983 3823 opus
1001 3739 1073 3813 erit,
1086 3738 1121 3801 id
1137 3739 1234 3805 salre

145 3846 231 3916 tanti
245 3845 308 3910 riri
322 3844 503 3910 reverentia
516 3845 643 3926 pariter
656 3841 779 3907 lecturi
790 3859 916 3918 snmus,
925 3859 1018 3924 sepe
1029 3839 1131 3904 etiam
1139 3856 1180 3908 ne
1190 3836 1233 3900 de

145 3947 279 4012 nomine
294 3945 430 4030 quidem
442 3952 512 4009 tum
527 3941 708 4028 appellato.

160 4057 162 4062 ’
189 4047 402 4113 Posteriores
418 4045 519 4110 besee
540 4039 709 4109 Pollicerii
733 4039 1005 4117 Observationes,
1023 4040 1235 4121 marginales·

148 4169 213 4233 que
228 4147 317 4215 elias
340 4147 490 4230 ejusdem
511 4153 613 4212 meno
639 4145 781 4226 scriptos
801 4142 836 4208 in
852 4144 967 4208 decem
982 4141 1108 4224 priores
1120 4139 1235 4219 libros,

210 4261 301 4326 Delpi.
310 4267 334 4312 rt
349 4259 407 4311 Ver.
418 4261 483 4311 Clas.
646 4255 750 4306 Plinius.
1147 4255 1170 4304 B
