3098 4878
278 365 343 432 ³⁰2
641 377 815 427 c.rnrr:11
840 377 1002 428 saeuae:

334 630 452 693 Lrnno
470 643 588 691 xxxa.
609 627 816 694 continentur
829 625 1004 692 medicinae
1019 645 1062 691 ex
1078 625 1307 711 aquatilibus.¹

284 795 309 842 1.
496 777 694 854 Auuanuu
710 777 881 842 mirabilia.

285 894 327 942 ιι.
496 877 888 962 Aquammdifferentiae.

284 995 342 1042 ιιι.
495 977 666 1060 Aquamm
681 977 877 1041 medicinae:
900 978 1164 1054 observationes,
1182 981 1350 1039 ccnxvr.²

285 1097 335 1143 ιν.
496 1078 625 1157 Quales
653 1077 906 1144 soecunditatem
930 1079 1067 1158 saciant,
1087 1078 1204 1160 quales
1227 1075 1370 1139 insaniae

536 1178 738 1242 medeantur.
1434 1169 1438 1174 ’

287 1299 321 1343 v.
367 1273 368 1278 ’
497 1277 626 1356 Quales
641 1277 835 1345 calculosis.

286 1398 337 1445 vt.
501 1378 629 1457 Quales
644 1379 845 1445 vulneribus.

285 1497 354 1545 vn.
500 1477 626 1556 Quales
642 1483 771 1560 partum
788 1478 988 1544 custodient.

286 1597 368 1644 vul.
500 1577 628 1656 Quales
642 1577 834 1659 vitiliginem
848 1578 979 1651 tollant,

288 1697 343 1745 rx.
501 1680 589 1757 Quae
604 1677 750 1741 colorem
765 1678 850 1741 lanis
865 1677 1001 1744 iaciant.

287 1799 326 1845 x.
501 1778 588 1857 Qus
603 1778 805 1842 hominibus.

287 1897 343 1944 xl.
504 1877 591 1956 Quae
604 1879 819 1944 memoriam:
841 1898 917 1962 quae
933 1880 1144 1946 oblivionem.

287 1998 360 2046 xu.
503 1977 592 2056 Qus
607 1998 723 2044 sensus
732 1979 969 2046 subtilitatem
984 2001 1059 2066 quae
1070 1981 1281 2046 tarditatem:
1296 2001 1374 2065 quae

544 2099 702 2146 canoram
717 2100 845 2146 vocem.

287 2198 377 2247 2:111.
502 2179 590 2261 Quae
606 2181 675 2245 vini
691 2181 829 2246 taedium
845 2181 990 2248 saciant:
1013 2204 1088 2267 quae
1103 2183 1280 2249 inebrient*

288 2300 371 2348 xrv.
501 2280 788 2359 Quaeoleivicem
802 2290 971 2364 praestent.

289 2401 356 2450 xv,
503 2381 592 2460 Qua:
607 2383 719 2465 salsae,
735 2388 768 2445 ct
782 2401 914 2448 amarae.

291 2502 374 2550 xvr.
504 2482 592 2561 Qua:
606 2502 693 2549 saxa
708 2488 865 2564 egerant:
880 2504 957 2566 qum
972 2485 1084 2562 risum,
1097 2492 1131 2549 et
1145 2485 1311 2568 ploratum
1326 2487 1376 2550 ia·

544 2585 652 2649 ciant:
675 2603 752 2668 qnae
769 2603 916 2649 amorem
934 2605 1052 2652 sanare
1067 2587 1229 2651 dicantur.
1296 2583 1299 2590 “

290 2703 388 2752 xvrr.
504 2685 571 2750 Per
584 2686 730 2751 triduum
743 2686 887 2750 calentes
900 2687 1033 2752 haustu.

290 2803 407 2853 xv111.
503 2786 678 2872 aquarum
690 2788 863 2853 miracula.
908 2787 948 2851 In
963 2789 1085 2871 quibus
1105 2789 1216 2854 omnia
1229 2806 1378 2870 mergan-

545 2896 618 2955 tur:
641 2890 676 2954 in
690 2891 814 2973 quibus
828 2888 923 2954 nihil.

290 2989 378 3054 xix.
503 2987 615 3071 Aquas
630 2997 811 3055 necantes:
834 2991 947 3073 pisces
962 2991 1123 3054 venenati.

292 3105 363 3154 xx.
506 3089 593 3171 Qnae
608 3089 752 3173 lapidem
766 3090 858 3166 liant,
875 3095 936 3153 ant
948 3089 1093 3174 lapidem
1109 3089 1243 3154 saciant.

291 3205 380 3254 xxa.
507 3190 561 3252 De
572 3188 768 3254 salubritate
782 3207 953 3274 aquarum.

292 3307 395 3356 xxm.
510 3289 562 3353 De
575 3291 667 3356 vitiis
678 3309 850 3374 aquarum.

292 3406 416 3455 xxm.
504 3389 668 3455 Probatio
684 3409 857 3473 aquarum.

294 3507 407 3555 xxiv.
507 3490 560 3555 De
576 3510 665 3574 aqna
680 3490 822 3556 Marcia.

293 3605 391 3655 xxv.
507 3591 561 3656 De
577 3610 665 3675 aqna
679 3589 830 3673 Virgine.

294 3707 408 3757 xxv1.
508 3693 625 3776 Aquas
641 3691 827 3756 inveniendi
842 3692 936 3756 ratio.

293 3808 424 3858 xxvrr.
505 3792 607 3875 Signa
621 3811 791 3874 aquarum.

748 3984 926 4007 ΝΜΟΙΟΜΙ

329 4124 342 4168 1
360 4119 474 4170 Gronov.
490 4124 518 4169 et
529 4119 562 4168 al.
572 4125 639 4168 vett.
649 4115 756 4178 addunt,
772 4121 796 4166 et
811 4127 923 4178 epum
938 4109 1113 4163 unam:
1130 4111 1256 4166 llardnin.
1274 4120 1297 4164 l.
1315 4121 1340 4169 a.
1356 4121 1381 4168 8.

297 4183 392 4235 Miller.
403 4184 509 4248 Bipent.
521 4189 547 4234 et
558 4183 650 4232 Fraus.
661 4180 791 4239 emittunt,
800 4179 981 4242 cameto-ea,
993 4177 1138 4230 CCLXVI.
