3016 4876
447 378 579 428 naonro
602 376 628 426 r.
653 377 765 458 raum
790 378 971 430 ornamur.
1165 450 1169 457 Ι
1205 367 1249 430 79

158 539 239 586 men
253 539 386 604 semper
402 521 551 587 additum
566 523 609 587 ab
624 521 782 604 adoptivo
796 522 868 587 filio
890 523 1042 606 aliisque,
1057 524 1130 609 ejus
1148 525 1248 608 signi·

161 621 286 688 finandi
301 643 451 702 causae
472 643 540 708 quo
561 624 679 690 fuisset
698 625 892 708 adoptatus,
912 626 1133 691 existimavit:
1156 627 1249 709 quod

163 743 270 806 neque
283 744 396 790 verum
407 745 480 790 esse
492 733 632 804 constat,
643 745 751 810 neque
762 726 1004 792 videturiuisse
1013 729 1247 804 necessarium,

162 843 239 888 oum
263 827 341 909 ipso
366 830 582 909 prenomine,
609 828 697 910 quod
719 847 883 910 nunquam
906 828 1054 892 nonfuit
1077 827 1162 912 ejus,
1188 830 1247 912 qui

163 925 380 1009 adoptasset‚'
392 928 426 992 iu
449 927 519 992 filio
535 929 707 1012 adoptivo,
723 928 821 1010 quale
835 929 1044 1014 adoptatoris
1062 947 1248 1011 praenomen

162 1034 263 1104 esset,
278 1028 487 1094 indicaretur.
530 1029 652 1113 Neque
666 1050 728 1115 par
746 1032 831 1095 ratio
855 1031 919 1095 suit
932 1032 1051 1115 patris,
1067 1037 1103 1096 et
1115 1030 1176 1095 tilii
1189 1051 1248 1095 na·

163 1130 292 1208 ruralis,
310 1138 348 1194 ut
361 1133 405 1195 ob
422 1131 522 1214 hujus
542 1151 734 1216 praenomen
753 1133 858 1214 patris
876 1134 1090 1215 praenominis
1106 1124 1267 1196 comme-¹

162 1231 306 1297 motatio
321 1234 521 1310 reticeretur,
536 1239 690 1316 tanquam
705 1233 740 1296 in
756 1233 826 1296 fiiio
838 1234 1053 1316 praecognita.
1098 1232 1186 1298 Nam
1198 1235 1248 1298 in·

163 1333 302 1409 tardum,
316 1339 354 1396 ut
364 1332 523 1410 diximus,
535 1338 630 1416 pater
640 1341 675 1397 et
688 1333 777 1397 iilius
789 1335 993 1416 praenomine
1004 1334 1247 1415 distingueban-

162 1445 225 1501 tur.
270 1435 421 1499 Ceterum
438 1433 676 1518 Imperatorum
698 1433 851 1528 adoptivi
869 1433 939 1512 iiiii,
953 1435 1152 1517 praenomine
1171 1454 1248 1518 gen-

161 1536 264 1601 tilitio
276 1535 421 1600 naturali
436 1542 583 1611 servato,
595 1535 762 1617 dignitatis
774 1553 880 1599 causa
890 1535 923 1598 in
938 1534 1085 1617 antiquis
1100 1535 1247 1619 Inscrip-

161 1637 311 1702 tionibus
324 1655 454 1717 semper
465 1635 709 1719 Imperatorum
725 1634 832 1712 ‘filii’
852 1635 1037 1720 ‘nepotes,’
1060 1640 1247 1720 ‘pronepo-

161 1737 233 1815 tea,’
255 1745 291 1801 et
311 1739 322 1771 ‘
334 1735 540 1820 adnepotes:
561 1742 640 1799 sunt
661 1736 755 1812 dicti,
779 1737 830 1800 his
848 1755 915 1800 non
935 1739 1188 1819 praenominant
1212 1740 1246 1802 iu
1271 1783 1273 1786 -

161 1839 296 1917 ueteris,
308 1838 366 1901 sed
382 1837 578 1919 cognomine
588 1837 795 1918 significatis,
811 1847 1005 1920 argumento
1019 1840 1185 1922 sequentis
1196 1838 1245 1905 M.

162 1935 293 2002 Aurelii
309 1937 471 2001 Antonini
486 1938 704 2002 monumenti:

162 2103 241 2150 ΙΜΡ.
273 2101 417 2150 GAESARI
452 2103 490 2147 M.
522 2101 689 2148 avennio
721 2101 919 2151 antonino
945 2103 1028 2152 AVG.
1056 2103 1244 2152 PONTII-¹101

163 2200 681 2251 arax.·r1trn.aor·.xvr1.cos.
705 2203 761 2249 1¹1.
784 2204 863 2251 nivi
890 2203 1075 2252 anroulur
1101 2204 1151 2252 eir
1177 2206 1247 2253 atu.

164 2304 240 2352 nivi
263 2303 456 2351 neoniam
482 2303 611 2351 NEPOS·
635 2303 714 2350 DiVi
739 2303 899 2352 rnatum
928 2304 1108 2353 Pnnnfflcl
1138 2306 1248 2355 PRON.

161 2407 241 2453 nivi
269 2405 403 2452 NERVAE
426 2405 490 2452 AN·
516 2404 744 2452 AVXIMA'PBS
762 2405 942 2470 evantes.

202 2538 313 2621 Atque
327 2539 390 2602 hoo
404 2539 481 2602 loeo
494 2537 568 2602 heo
583 2539 730 2604 iudicare
750 2538 852 2616 volui,
874 2559 915 2603 ne
937 2540 1108 2603 recitatum
1124 2558 1144 2602 a
1160 2538 1248 2603 Pan·

162 2641 251 2704 rinio
266 2639 481 2722 Epigramma
503 2639 589 2703 duos
604 2639 742 2730 ¹Plinius
758 2639 919 2704 Caeoilios
932 2639 1106 2704 Secundus
1119 2641 1248 2704 vixisse

161 2740 265 2805 videri
281 2740 495 2823 imposterum
514 2738 629 2816 iaciat,
651 2758 753 2802 uuum
777 2740 852 2803 Caii
876 2740 992 2819 filium,
1017 2760 1057 2805 ac
1078 2750 1248 2824 nepotem,

161 2841 299 2916 alterum
315 2839 409 2904 Lucii
423 2858 467 2904 ex
482 2841 568 2904 tribu
580 2839 773 2917 Oufentina,
788 2861 829 2906 ao
844 2860 948 2905 novas
963 2840 1004 2904 de
1019 2841 1140 2905 Pliniis
1154 2861 1248 2924 quae·

161 2944 286 3008 stiones
312 2947 411 3006 serat.
454 2939 587 3018 Quibus
606 2941 732 3018 missis,
755 2946 867 3024 repeto
891 2941 1105 3004 constitutum
1121 2940 1162 3003 de
1178 2939 1248 3005 Pli-

160 3045 288 3108 uiorum
302 3042 430 3107 familia
451 3061 648 3120 sermonem,
670 3041 767 3125 cujus
788 3042 939 3126 plurimae
963 3061 1003 3105 ac
1026 3042 1245 3106 nobilissimae

161 3145 243 3209 olim
258 3144 348 3226 apud
361 3163 421 3208 uos
435 3144 539 3207 multa
551 3161 592 3207 ao
611 3151 701 3208 oerta
713 3143 905 3208 testimonia
920 3142 1154 3234 produximus,
1169 3161 1244 3225 quae

160 3265 256 3311 nemo
272 3247 379 3328 possit
392 3243 589 3310 cavillomm
604 3244 748 3308 tenebris
763 3244 877 3308 offusis
892 3245 1073 3308 obscurare
1086 3264 1095 3324 ;
1111 3250 1167 3308 aut
1180 3244 1248 3309 alia

160 3350 280 3431 quavis
297 3348 438 3424 ratione,
460 3365 527 3430 qno
542 3347 649 3410 minus
663 3347 869 3430 propositum
884 3355 1030 3410 nostrum
1046 3345 1246 3422 confirment,

159 3449 220 3513 uili
246 3447 458 3530 persuadere.
503 3446 682 3512 Proferant
700 3448 860 3524 vicissim,
883 3448 913 3510 si
927 3453 1079 3530 possunt,
1106 3445 1247 3512 Panthei

158 3531 322 3625 fautores,
342 3549 394 3613 vel
418 3549 549 3614 unicam
569 3546 714 3612 Veronae
739 3548 922 3612 Pliniorum
941 3548 1107 3610 inventam
1120 3566 1247 3612 memo·

159 3653 243 3715 riam
258 3649 370 3714 demto
384 3667 547 3714 mmmore
561 3648 623 3713 illo
637 3649 785 3732 antiquo,
805 3649 838 3711 in
853 3647 952 3733 cnjus
967 3648 1182 3732 inscriptione
1197 3669 1246 3713 re-

157 3750 294 3816 serenda
315 3747 556 3815 Veronensium
585 3748 802 3830 quorumdam
832 3748 1034 3832 conspiratio
1063 3755 1157 3812 tanta
1185 3757 1246 3824 est,

159 3860 288 3938 quanta
310 3851 394 3915 inter
416 3857 601 3934 occupatos
627 3851 660 3914 in
683 3844 762 3914 ouili
787 3849 950 3915 columbae
970 3849 1141 3914 coloribus
1156 3850 1247 3912 aesti-

159 3952 300 4029 mandis,
321 3951 379 4035 qui
401 3951 436 4013 in
457 3950 522 4015 hoe
541 3968 608 4014 uno
623 3968 749 4014 summe
764 3951 971 4027 conveniunt,
993 3948 1083 4032 quod
1098 3949 1255 4026 maxime·

158 4054 334 4130 dissident,
356 4059 457 4135 atque
472 4049 672 4115 discordant.
716 4051 788 4116 Sibi
802 4053 943 4136 quisque
957 4049 1041 4114 enim
1056 4047 1245 4131 inscriptio·

157 4173 243 4234 mm,
265 4151 367 4240 quam
381 4153 497 4232 voluit,
518 4158 621 4235 atque
635 4151 815 4234 adamavit,
836 4152 975 4217 finxisse
997 4150 1113 4234 potius
1133 4150 1245 4218 anino
