3054 4876
636 419 669 464 (i.
692 415 812 464 ruitur
837 413 1000 464 SECUNDi

445 675 562 738 Lrnno
588 687 627 736 x.
650 674 859 738 continentur
872 672 1204 738 volucrumueturae.'
1238 697 1240 704 s

278 861 301 906 r.
491 843 549 908 Dr
565 841 844 908 stmthiooumelo.

278 963 322 1010 rr.
490 945 543 1010 De
558 943 730 1028 phoenice.

279 1063 340 1112 111.
488 1045 689 1128 Aquilurum
707 1049 851 1126 genero-²

279 1165 330 1210 rv.
492 1146 761 1211 Netnruenrnm.

279 1265 314 1310 v.
493 1246 638 1327 Quando
650 1245 820 1327 legionum
835 1243 930 1327 signu
944 1261 1019 1308 osse
1034 1243 1206 1327 ooeperint.

278 1366 331 1412 vr.
491 1348 546 1412 De
560 1345 684 1430 equile,
698 1365 775 1428 qnae
791 1346 825 1409 in
838 1365 950 1428 rogum
966 1347 1103 1428 virginis
1118 1365 1154 1410 se
1169 1342 1271 1411 misit.

280 1467 349 1513 vrr.
494 1447 548 1511 De
562 1448 703 1512 vulture.

280 1565 365 1612 vrrr.
494 1545 775 1628 Sunqnuliuavis,
791 1547 1065 1632 etimmnssulur.

281 1666 338 1712 rx.
492 1645 700 1730 Ancipitres:
721 1647 836 1709 buteo.

281 1767 321 1813 x.
492 1745 534 1810 In
550 1746 670 1830 quinus
691 1745 776 1810 lonis
798 1745 960 1811 societate
982 1745 1159 1828 accipitres
1173 1751 1207 1809 et
1220 1746 1367 1811 homines

535 1854 751 1931 aucupentur.

282 1965 339 2012 xr.
496 1945 672 2026 Quereris
691 1946 767 2011 sole
791 1963 813 2008 a
834 1963 896 2009 sno
916 1964 1029 2027 genere
1043 1946 1269 2011 interimatur:
1293 1963 1367 2027 qum

536 2047 609 2112 evis
624 2047 755 2130 singulo
768 2064 835 2110 ovo
848 2045 967 2128 pariet.

284 2165 358 2212 xrr.
497 2146 610 2211 Milvi.

283 2268 376 2316 xrrr.
497 2248 649 2332 Digestio
668 2249 780 2312 avium
796 2266 855 2331 per
868 2265 994 2329 genere.

284 2370 367 2418 xrv.
496 2351 676 2417 Coruinus:
697 2351 919 2432 inauspicatu
936 2367 1028 2414 aves.
1051 2347 1183 2428 Quibus
1195 2348 1369 2413 mensibus

538 2439 602 2517 non
619 2453 687 2516 sint
703 2451 945 2534 inauspioutae.²

285 2571 351 2620 xv.
501 2552 554 2617 De
569 2552 689 2616 corvis.

295 2673 384 2719 xvr.
495 2653 549 2717 De
567 2652 712 2717 bubone.

285 2771 384 2818 xvrr.
500 2749 592 2816 Ares
607 2770 747 2834 quornm
762 2752 831 2817 vitu
846 2755 905 2816 ent
916 2750 1037 2817 notitia
1050 2751 1229 2817 intercidit.

285 2871 401 2919 xvrrr.
501 2850 624 2931 Quaen
639 2851 948 2918 candenesountur.

285 2971 374 3020 xrx.
502 2953 556 3018 De
570 2955 713 3019 noctuis.

286 3071 357 3119 xx.
501 3052 555 3116 De
570 3053 648 3135 pico
665 3053 802 3117 Martio.

287 3171 374 3220 xxr.
500 3151 555 3217 De
569 3152 621 3218 his
636 3153 694 3236 qni
708 3170 813 3218 uncos
827 3171 955 3236 ungues
973 3152 1120 3217 hubent.⁴

288 3271 392 3322 xxrr.
501 3253 555 3318 De
571 3253 774 3338 peronibus.

287 3373 407 3422 xxrrr.
497 3352 586 3432 Quis
615 3355 756 3438 primum
779 3373 942 3439 pavonem
967 3353 1035 3420 cibi
1060 3369 1165 3418 causo
1190 3350 1375 3417 occiderit.-⁵

542 3453 629 3534 Quis
644 3454 763 3521 foroire
776 3452 963 3520 instituerit.

287 3571 403 3619 xxrv.
502 3552 555 3618 De
569 3555 770 3636 gallinaceis.

288 3671 384 3720 xxv.
503 3651 682 3731 Quomodo
700 3659 897 3718 castrentur.
941 3654 995 3719 De
1011 3651 1195 3736 gallinaceo
1209 3652 1334 3718 locuto.

750 3813 928 3838 ”nomem

318 3937 332 3982 i
350 3929 496 3982 Gronovius
513 3925 607 3992 ultique
625 3926 738 3979 adduntr
754 3935 778 3980 et
793 3930 899 3980 Materia
914 3929 1051 3980 minum
1066 3926 1206 3977 minutium.
1241 3927 1324 4000 Deeut
1341 3925 1378 3975 in·

285 3995 394 4072 rnriptio
405 3995 431 4044 in
442 3992 500 4044 nod.
511 3992 650 4042 Drion-²
666 3991 769 4055 Aquittir
777 4009 867 4056 genem
876 4007 924 4044 teo
931 4001 982 4043 vet.
999 4007 1040 4057 op.
1056 3990 1147 4068 Dolet.
1179 3991 1220 4064 υς
1228 3989 1316 4052 aquito
1325 3988 1377 4064 Bn-

286 4056 914 4196 „esuriuntur
931 4051 1379 4111 uum

287 4187 303 4235 t
321 4183 387 4236 End.
406 4193 472 4237 retr.
490 4185 529 4236 De
546 4197 616 4236 uncos
633 4197 724 4246 um
742 4183 881 4236 intematum
896 4185 1075 4245 ottrentae-5
1093 4181 1181 4231 Codex
1203 4180 1377 4245 Dulecumpu,
