3056 4878
260 403 324 477 438
622 418 654 470 o.
679 417 800 468 rnrurr
826 415 989 466 eacuunr

260 586 302 630 oo
316 562 349 626 :l
375 563 463 626 hunc
488 557 664 624 videlicet⁹
688 565 807 623 natura
827 557 990 622 tribuente
1011 553 1181 629 honorem,
1205 568 1282 614 eum
1299 555 1353 613 tot

260 665 383 730 bellum
410 662 538 726 viribus
559 667 731 741 praentent.
774 656 895 720 Omnia
917 650 1119 719 contrariasi
1141 652 1304 715 incubent
1317 650 1353 712 in

259 769 373 847 perles
386 783 395 827 ι
408 766 435 798 ¹⁰
458 761 570 836 homo,
592 761 657 823 nisi
673 764 880 823 convertatur
901 757 1142 837 inpercussos,
1164 771 1231 815 non
1257 751 1351 832 expi-

260 869 321 926 rat.
366 861 512 942 Superne
528 861 585 924 icti
598 860 782 923 considunt.
829 855 983 938 Vigilens
998 856 1086 919 ictus
1099 851 1350 917 conniventibus

262 964 383 1038 oculis,
400 961 565 1026 dormiens
586 961 773 1044 patentibus
798 959 968 1040 reperitur.
1013 955 1191 1019 Hominem
1207 952 1255 1015 ite
1269 969 1352 1014 oxu·

261 1065 421 1128 nimetum
437 1061 574 1126 eremari
589 1061 641 1124 lae
656 1079 720 1123 non
736 1065 810 1122 est:
839 1057 938 1122 condi
950 1051 1052 1119 terraj
1072 1053 1187 1136 religio
1202 1050 1350 1116 tradidit.

263 1163 403 1228 Nullum
433 1161 569 1236 animal,
603 1159 666 1224 uisi
705 1161 942 1233 exanimatum,
979 1155 1114 1240 fulmine
1149 1151 1351 1217 accenditur.

262 1261 412 1326 Vulnere
424 1258 437 1296 ¹³
451 1261 695 1324 fulminatorum
705 1263 727 1297 ¹¹
744 1258 911 1339 frigidiore
927 1263 1006 1320 sunt
1019 1254 1145 1336 reliquo
1158 1270 1307 1335 corpore.

307 1377 383 1425 uvi.
405 1359 500 1445 (nv.)
522 1361 576 1425 Ex
589 1361 644 1437 iis,
659 1379 734 1442 qoae
759 1365 844 1423 terre
862 1359 1050 1442 gignuntur,
1069 1347 1154 1418 lauri
1176 1353 1352 1417 fruticem·

716 1535 895 1558 0000*le

262 1655 319 1720 piur
329 1655 402 1718 legit.
411 1653 512 1704 mm
520 1653 744 1718 primeprsrrit.—ll
753 1653 817 1703 cod.
824 1653 915 1703 neree.
923 1651 978 1702 lule
987 1650 1170 1700 videlieet-lo
1178 1645 1353 1702 Idemcodex,

261 1720 385 1769 concident
396 1717 423 1766 iu
430 1723 518 1781 parter·
551 1718 624 1776 Mox,
634 1717 700 1765 idem
712 1718 805 1778 codex,
812 1720 835 1767 ei
844 1721 994 1766 maeertutrrr
1009 1715 1035 1764 ia
1048 1727 1169 1776 pererrem
1178 1726 1225 1760 m
1234 1711 1351 1774 respirat,-

262 1791 316 1834 τοι.
328 1783 417 1832 Delec.
431 1781 480 1829 eriri
495 1785 643 1828 movenatur
657 1781 683 1829 ia
693 1795 814 1842 pererrem
824 1797 870 1829 m
880 1781 980 1841 expiarer
986 1794 995 1836 ,-
1016 1777 1076 1828 aid.
1087 1777 1105 1827 J
1108 1784 1162 1826 unt.
1174 1773 1255 1823 Baril.
1268 1773 1352 1836 Lngd.

263 1846 364 1895 Eraem.
383 1843 471 1892 Dalee.
483 1843 564 1905 Lugd.
578 1847 650 1892 1600.
661 1844 743 1907 lreyd.
754 1844 855 1894 Fraukt'.
871 1854 898 1894 et
909 1844 1023 1894 Gronov.
1040 1841 1089 1891 elei
1099 1857 1120 1889 c.
1131 1842 1155 1888 οι·
1162 1852 1297 1902 pereum
1307 1853 1352 1886 eea

262 1909 372 1972 uphir
388 1915 440 1958 vet.
460 1907 570 1970 exempl.
587 1907 694 1967 Emori,
710 1907 758 1956 oiri
767 1923 788 1956 c.
797 1910 924 1987 iapeareur
934 1911 963 1955 ιό
973 1906 1074 1970 rupirut
1081 1920 1091 1962 ,·
1109 1904 1174 1953 Leet
1185 1917 1218 1950 ea
1228 1901 1286 1953 eod.
1299 1901 1352 1950 edi·

263 2001 303 2053 dit
315 2003 340 2051 ln
354 2001 407 2051 lile.
419 2003 466 2052 aiei
476 2019 496 2050 e.
507 2003 532 2052 ia
546 2017 654 2066 pererrem
663 2004 823 2067 concupiunt.
857 2002 979 2051 Noetram
990 1985 1054 2050 leot.
1066 2015 1099 2048 ex
1115 1997 1189 2049 codd.
1200 1997 1252 2048 rulo
1268 1997 1352 2046 edidit

261 2066 392 2116 Huduin.
402 2080 511 2130 eumque
523 2069 604 2117 reeuti
622 2079 681 2116 runt
695 2069 790 2118 Miller.
803 2068 907 2130 Bipont.
919 2073 945 2114 et
955 2066 1107 2114 Franz-ll
1125 2064 1228 2126 Fertur,
1240 2063 1352 2122 [ulmtri-

263 2134 349 2178 tmer.
381 2130 456 2190 Mox,
466 2129 598 2192 frigidiora
608 2137 662 2180 reat
673 2131 762 2195 relim
775 2147 880 2194 corpore,
897 2145 929 2178 ex
941 2128 1018 2178 codd.
1029 2129 1082 2177 ruia
1097 2134 1125 2176 et
1136 2123 1222 2177 curm.
1234 2125 1352 2176 renituit

264 2191 424 2258 Hardninnr,
435 2209 492 2244 cum
503 2203 581 2244 antea
591 2195 729 2259 legeretur,
739 2195 873 2257 frigidiora
882 2195 971 2256 relique
982 2207 1079 2255 corpora
1088 2195 1151 2241 reat.

750 2340 857 2414 uuna:

263 2433 489 2486 rent-‘Hebraei
516 2435 632 2486 similiter
658 2436 788 2499 ingeniose
859 2436 971 2484 *omia
987 2432 1129 2495 coemerint]
1144 2431 1249 2486 Cetera,
1260 2427 1375 2494 inquit,'

263 2507 354 2556 dixere
364 2507 461 2556 tonitru
472 2522 530 2557 erre
541 2509 626 2573 iguem
636 2511 787 2574 extingneu·
827 2525 886 2574 quee
905 2508 1012 2560 fulmine
1032 2509 1154 2568 iniuntur,
1169 2503 1311 2560 concidunt
1327 2505 1353 2552 in

263 2591 316 2632 tem
337 2583 391 2632 rire
413 2583 621 2634 interimentem:
646 2589 669 2634 le
688 2587 736 2635 Fere
748 2588 789 2649 qai
828 2594 928 2651 partem
940 2585 1083 2650 opperitem
1094 2583 1119 2632 ei
1131 2595 1189 2645 qne
1207 2582 1299 2630 vulnere
1310 2593 1355 2628 ea·

262 2664 311 2710 irre.
343 2657 374 2707 ld
382 2659 453 2722 quod
461 2671 493 2707 ex
505 2659 616 2721 ipromet
627 2661 789 2712 corrutone.
827 2662 917 2723 oepit:
944 2661 1019 2708 homo
1039 2655 1211 2718 econtrario,
1233 2655 1283 2704 niel
1302 2656 1353 2704 cir·

263 2735 334 2784 mine
349 2734 478 2794 direimur,
496 2735 538 2798 qui
550 2732 642 2785 fratrer
653 2736 726 2800 door,
741 2738 788 2788 Ja·
827 2745 977 2801 comeretur
993 2737 1019 2786 in
1030 2737 1131 2796 rulnur,
1147 2734 1189 2800 (ut
1206 2733 1261 2797 lpre
1273 2734 1355 2798 loqui·

264 2808 355 2858 cubum
374 2817 402 2859 et
412 2809 549 2873 loannem,
561 2809 698 2872 marm
714 2829 787 2864 voce·
826 2820 878 2874 tor,
897 2811 1136 2876 xxvrrr.18.)norr
1156 2808 1267 2873 expiret.
1301 2808 1355 2858 Ne·

263 2885 311 2946 vit,
322 2883 388 2948 qnod
399 2893 449 2946 ert,
464 2885 525 2934 Filii
535 2886 644 2936 tonitrui.
678 2887 788 2939 Hebrei-
828 2901 878 2951 que
890 2886 916 2936 id
933 2887 1028 2936 homini
1043 2888 1131 2948 nolum,
1146 2883 1192 2934 red
1212 2891 1240 2934 et
1258 2883 1354 2932 ceteris

264 2974 296 3008 ce
315 2974 363 3009 vox
382 2976 414 3010 ee
430 2969 493 3010 ert:
520 2973 707 3026 rtrr·r·ru·1ur³‚
729 2965 790 3016 Filii
830 2961 978 3012 animalibus
992 2961 1088 3018 evenit,
1107 2962 1128 3009 ri
1147 2960 1252 3010 Seneca
1270 2959 1352 3008 eredi-

263 3035 422 3083 e'aterimerrtir
444 3035 517 3098 ignia
543 3039 584 3087 vel
607 3041 672 3100 igue.
719 3041 790 3090 Boou
828 3055 893 3090 mur.
911 3041 999 3090 ‘Illud
1022 3055 1094 3104 requie
1117 3039 1185 3087 inter
1205 3036 1353 3089 adnotanda

264 3123 312 3172 pro
331 3108 387 3158 leae
405 3115 454 3171 eat,
475 3110 592 3162 Galilaea
615 3114 738 3176 dialecto,
760 3124 789 3165 ut
828 3129 909 3179 ponar
935 3115 1015 3171 iicet,'
1035 3115 1117 3178 inquit
1139 3113 1353 3165 Narratione.

265 3185 374 3247 Eloipro
384 3184 433 3234 Eli.
467 3185 788 3238 Pluraolimdeeorerbo
828 3203 860 3240 rr.
872 3193 912 3239 ⁸1.
924 3204 949 3252 p.
962 3193 1018 3240 85⁴.
1036 3188 1128 3242 ‘Qucd
1139 3189 1315 3249 etlrorninum,
1326 3197 1354 3238 et

245 3295 248 3304 .
264 3260 421 3322 rcriprimur,
436 3274 494 3323 qne
505 3261 555 3320 lepi
567 3269 674 3326 puerunt
686 3265 711 3310 io
724 3265 787 3313 Die·
828 3273 972 3316 ceterorum
983 3264 1138 3319 animalium,
1156 3277 1212 3327 ane
1223 3263 1277 3311 icta
1287 3271 1356 3326 runt,

264 3335 302 3384 rio
312 3334 496 3386 'treverorum’
512 3337 560 3386 Ed.
572 3353 617 3389 rec.
828 3347 906 3402 caput
917 3344 1020 3400 apertat
1029 3337 1060 3386 ad
1072 3337 1169 3385 exitum
1180 3334 1310 3395 iulmirriu'

296 3409 308 3444 ὴ
327 3413 413 3462 Cetera
428 3412 501 3475 illico]
518 3415 605 3477 Negat
616 3415 790 3479 lrocSoaliger
858 3413 867 3456 l
886 3413 961 3462 Cordi
983 3413 1059 3475 tem]
1085 3411 1154 3460 ilinc
1172 3411 1355 3470 Tertullianus,

265 3501 321 3538 erre
333 3503 430 3547 rerum,
447 3489 561 3538 Exercit.
578 3503 642 3538 xrrr.
654 3506 679 3554 p.
695 3495 736 3540 w.
749 3493 787 3540 iu·
828 3488 854 3537 lu
868 3487 976 3552 Apolog.
989 3502 1045 3550 rap.
1056 3490 1097 3536 te.
1110 3500 1167 3550 pag.
1179 3489 1220 3534 ⁸9·
1235 3487 1303 3537 ‘Qui
1320 3486 1353 3533 de

264 3570 337 3613 tacto
347 3563 415 3613 enim
426 3577 493 3626 equo
511 3578 542 3612 ec
554 3566 702 3626 euperrtite,
716 3567 787 3630 equi·
828 3566 894 3614 curlo
914 3565 1039 3627 tangitur,
1066 3564 1150 3612 miror
1170 3569 1210 3611 ert
1232 3568 1262 3611 ut
1282 3561 1353 3610 nollo

265 3644 317 3687 tem
335 3638 487 3687 inridentem
508 3637 673 3688 interiectum
691 3651 787 3691 narret.
828 3641 887 3703 igne
898 3638 1092 3689 decinerercat.'

265 3711 372 3762 Atrum
386 3713 442 3761 hac
462 3712 602 3762 dirrimilia.
637 3715 789 3776 NegatPli·
860 3713 872 3748 ¹
892 3715 1100 3780 Vulnem1Plura
1120 3727 1177 3777 qum
1197 3711 1287 3762 referri
1302 3713 1352 3762 lure

263 3788 321 3838 niue
332 3802 480 3852 percussum
492 3787 594 3850 enimel,
605 3798 702 3853 prreter
711 3791 788 3840 lrnmi·
828 3801 942 3856 porrent,
953 3791 1009 3840 ride
1020 3790 1088 3852 epod
1100 3791 1223 3838 Senecam
1232 3791 1281 3839 loe.
1292 3791 1337 3838 cit.

262 3877 332 3926 nem,
344 3876 394 3912 uon
415 3863 483 3912 illico
496 3864 573 3913 merie
592 3878 622 3912 eo
638 3865 726 3922 illeso,
743 3881 787 3916 ex·
860 3877 871 3902 ¹
887 3866 1090 3929 lmarisrntieeor]
1103 3865 1163 3916 Huc
1173 3866 1242 3916 refer
1251 3881 1282 3916 ee
1294 3883 1352 3933 qna

264 3939 344 4001 tingui
366 3940 446 3988 letum
468 3938 604 4002 lroruluem,
625 3955 677 3990 non
693 3949 786 4005 negat:
828 3945 860 3993 de
871 3945 974 3993 Tiberio
989 3949 1124 3992 narrentur
1142 3955 1188 3990 xv.
1203 3945 1245 3990 tu.
1278 3943 1353 3992 Colu-

264 4014 317 4076 qui,
335 4014 403 4077 quod
426 4014 568 4062 mirabilior
590 4015 672 4065 videri
696 4018 786 4080 poerit,
828 4019 910 4080 mella,
922 4019 1021 4082 galliure
1033 4016 1174 4071 incubanti,
1185 4025 1291 4068 tonante
1302 4031 1354 4067 cre·

263 4089 372 4136 eecculir
383 4089 452 4135 uulln
464 4089 539 4138 morlo
555 4089 687 4152 emburtir,
698 4106 788 4154 arpen·
827 4095 861 4150 ln,
873 4103 898 4143 et
917 4095 943 4142 lu
961 4091 1094 4141 fulminum
1110 4096 1190 4152 metu,
1208 4093 1272 4141 lauri
1292 4091 1354 4144 l'olia

263 4169 318 4244 tom
329 4160 420 4223 liquari
430 4162 505 4224 plane
514 4163 628 4226 proxime
639 4173 698 4214 ante
711 4180 787 4215 anuo·
828 4169 920 4232 subjici
932 4169 1049 4231 imperat.
1082 4163 1191 4214 Refellit
1209 4173 1294 4216 tamen
1307 4167 1354 4217 lroe

264 4239 339 4282 mli·
828 4243 976 4294 miraculum
992 4241 1152 4308 experientia
1161 4241 1228 4308 ipre,
1238 4256 1288 4308 qne
1300 4231 1353 4292 l'ar·
