3006 4874
259 381 303 446 94
593 395 640 442 ur
664 397 696 441 c.
721 393 839 482 perun
865 395 1003 442 aarum

304 537 457 602 Alterum
468 539 537 600 sic:
650 591 653 598 .

304 677 490 728 MEMORIAE
513 677 547 723 b·
576 678 676 725 ALFI.
704 678 737 724 1..
764 679 796 725 F.
824 675 907 726 ΟΠ.
935 677 1171 725 nuncubatur
1196 679 1232 726 Vi
1262 650 1340 725 'vna

261 781 347 828 AVG.
378 779 541 827 PATRON.
568 779 744 826 connitor!
773 778 1095 827 DENDROPHOROR.
1125 779 1286 827 GOMENS.
1304 779 1344 826 ΙΝ

263 882 379 929 PRIMO
407 879 551 927 AErnuls
584 881 704 928 abortu
738 880 929 928 PRAEREPT·
960 879 1091 928 ALFIVS
1116 880 1344 928 nsssrtrv‘rvs

264 981 390 1030 Pruna
406 979 643 1028 ulssssntmvs
662 980 707 1028 BT
728 979 813 1027 stur.

304 1117 372 1182 His
392 1117 554 1182 addamus
568 1118 604 1180 in
622 1116 803 1200 adoptione
823 1116 854 1179 ei
870 1116 928 1198 qui
943 1115 1165 1200 adoptaretur,
1183 1117 1227 1182 ab
1242 1117 1347 1200 adop·

260 1224 368 1284 tatore
384 1237 503 1283 nomen
518 1238 626 1294 suum,
638 1237 837 1302 praenomen,
849 1223 882 1282 et
893 1217 1191 1299 cognoruensuisse
1202 1236 1348 1280 commu-

259 1322 418 1385 nicatum,
462 1319 690 1403 ‘Adoptioues
717 1316 829 1396 enim,'
850 1319 960 1400 inquit
990 1315 1109 1383 Cicero
1132 1319 1166 1381 in
1188 1317 1346 1381 Oratione

259 1441 320 1505 pro
344 1422 456 1485 Domo
471 1440 543 1498 sua,
559 1419 809 1484 ‘Haereditates
830 1420 983 1496 nominis,
1007 1420 1169 1502 pecuuiae,
1184 1426 1219 1482 et
1234 1437 1347 1483 sacro-

260 1541 332 1586 rum
358 1528 553 1605 sequuntur.
597 1521 651 1584 Tu
674 1539 765 1597 vero,
789 1518 897 1598 clodi,
916 1539 1023 1604 neque
1045 1519 1201 1584 Fonteius
1223 1539 1273 1596 es,
1289 1516 1347 1602 qni

260 1643 335 1688 esse
349 1623 508 1698 debebas,
522 1639 632 1705 neque
653 1623 788 1687 amissis
803 1622 909 1686 sacris
922 1621 1087 1704 pateruis;
1107 1621 1140 1683 in
1154 1619 1228 1684 baec
1243 1621 1347 1702 adop-

259 1725 331 1789 tiva
345 1720 484 1787 venisti!
527 1722 614 1801 Quae
627 1721 782 1787 Valerius
803 1721 974 1786 Maximus
993 1723 1079 1786 libro
1097 1737 1163 1784 vu.
1175 1720 1348 1786 confirmat

260 1826 412 1908 inquiens
422 1845 431 1890 ε
441 1829 451 1857 ‘
460 1823 510 1888 M.
520 1822 658 1888 Auneus
669 1825 703 1888 in
714 1824 893 1888 Suffenatis
908 1824 1067 1888 familiam
1081 1841 1122 1887 ac
1134 1843 1230 1888 sacra
1240 1831 1347 1888 trans·

259 1929 354 2002 ierat,
368 1945 390 1990 a
404 1925 571 1989 Suffenate
586 1927 671 1990 enim
688 1926 852 1992 avunculo
866 1925 978 1990 suerat
990 1923 1195 2006 adoptatus:
1242 1923 1348 1992 Addit

261 2027 329 2092 Dio
353 2026 436 2090 libro
464 2025 690 2091 Historiarum
716 2042 822 2088 xnvr.
865 2025 1018 2090 Paterna
1035 2024 1172 2090 familiae
1187 2025 1347 2090 naturalis

259 2146 378 2192 nomen
402 2127 574 2209 paulutum
593 2127 757 2190 immutari
783 2127 1009 2202 consuevisse,
1032 2144 1073 2189 ac
1088 2135 1256 2209 postremo
1271 2125 1346 2190 loco

259 2229 430 2293 collocari.
474 2225 575 2304 Quod
590 2235 701 2291 tamen
719 2226 839 2310 priscis
859 2226 927 2290 illis
951 2226 1163 2310 Reipublicae
1184 2225 1346 2306 Romana

260 2328 464 2412 temporibus
486 2329 715 2406 observatum
739 2327 983 2409 posterioribus
1005 2335 1168 2392 mutatum
1188 2334 1248 2406 est,
1272 2338 1348 2393 ante

260 2447 442 2511 cognomen
456 2427 650 2508 adoptivum
673 2433 752 2508 post
775 2427 910 2492 familiae
935 2447 1055 2492 nomeu
1078 2429 1212 2514 exlege
1232 2430 1347 2493 datum

259 2528 418 2593 naturalis
432 2527 567 2590 familiae
583 2525 716 2590 nomine
731 2528 892 2607 integrum
905 2527 1119 2605 collocatum,
1134 2529 1348 2612 quemadmo·

259 2628 335 2693 dnm
347 2629 381 2693 in
395 2625 508 2690 Plinio
522 2623 658 2690 Juniore
673 2631 824 2709 apparet.
869 2626 931 2691 Uti
947 2647 1022 2693 vero
1034 2629 1215 2712 adoptatus
1228 2632 1347 2694 transi·

259 2731 330 2805 bat,
340 2729 404 2804 sic,
414 2727 473 2790 ubi
482 2726 538 2808 qui
555 2725 751 2808 adoptasset
762 2728 795 2789 in
806 2727 971 2793 diversaa
982 2741 1075 2813 patre
1086 2731 1229 2795 naturali
1242 2732 1346 2816 adop-

260 2830 322 2893 tivi
337 2828 398 2893 tilii
412 2827 516 2891 Tribn
537 2827 725 2910 suffragium
741 2827 886 2906 tulisset,
900 2829 965 2894 boc
978 2830 1145 2895 commodi
1165 2831 1262 2896 abeo
1276 2833 1346 2897 tilio

260 2932 359 2995 etiam
374 2928 557 2993 accedebat
567 2935 604 2991 ut
614 2928 648 2991 in
659 2927 775 2992 eadem
789 2929 946 3012 suffragia
959 2930 1130 2995 ferretnec
1145 2939 1258 2997 tamen
1267 2934 1346 3017 jure

259 3029 387 3094 serendi
406 3031 438 3092 iu
462 3029 603 3092 naturali
619 3028 722 3091 Tribu
742 3031 950 3112 privaretur3
974 3051 1050 3114 quae
1072 3051 1158 3114 aegre
1179 3033 1288 3098 serens
1303 3035 1344 3100 P.

261 3131 376 3213 Scipio
392 3128 516 3193 Censor
531 3134 664 3193 auctore
686 3128 731 3191 A.
753 3128 865 3194 Gellio
885 3147 921 3192 v.
940 3131 993 3197 19.
1015 3133 1161 3216 graviter
1173 3136 1264 3218 apud
1281 3137 1346 3200 Po-

260 3231 377 3314 pulum
403 3235 599 3313 conquestus
623 3237 677 3294 est
700 3229 804 3294 filium
829 3231 1023 3314 adoptivum
1050 3235 1149 3316 patri,
1172 3255 1267 3317 quem
1290 3237 1347 3301 lex

259 3331 415 3409 dedisset,
430 3333 515 3396 iuter
535 3331 673 3414 praemia
687 3337 818 3414 patrum
832 3332 1003 3413 prodesse,
1019 3335 1146 3417 quippe
1160 3336 1250 3418 quod
1266 3337 1346 3404 dua-

260 3433 372 3497 busin
385 3431 564 3508 Tribubus,
589 3450 657 3495 uua
678 3450 777 3513 quam
793 3431 868 3514 jure
889 3440 1029 3512 natnrae,
1052 3435 1160 3500 altera
1181 3455 1282 3518 quam
1302 3459 1347 3504 ex

260 3534 333 3614 lege
361 3537 450 3596 esset
474 3540 689 3609 consecutus,
716 3531 908 3615 suffragium
931 3534 1055 3600 ferret:
1087 3555 1227 3620 cumque
1252 3545 1347 3621 pater

260 3635 395 3698 unicam
409 3633 559 3709 baberet,
574 3633 608 3695 in
623 3652 692 3715 qua
705 3633 740 3696 id
753 3634 861 3699 iacere
876 3641 1003 3719 posset,
1018 3637 1104 3702 unde
1119 3637 1186 3702 ait:
1202 3643 1212 3674 ‘
1227 3637 1268 3703 Iu
1281 3641 1347 3705 alia

259 3735 365 3800 Tribu
380 3739 482 3817 pater,
496 3735 531 3796 in
543 3734 612 3797 alia
625 3733 715 3798 filius
727 3733 918 3818 suffragium
930 3737 1058 3805 serunt!
1102 3737 1180 3802 Hac
1189 3739 1231 3804 de
1242 3759 1346 3807 cansa

260 3834 300 3900 G.
316 3835 506 3911 Octavium,
521 3852 542 3899 a
556 3834 649 3899 Julio
663 3833 796 3902 Gaesare
809 3838 1015 3921 adoptatum,
1029 3839 1106 3906 dum
1116 3839 1250 3920 Tribus,
1260 3847 1270 3875 ‘
1281 3841 1346 3908 Fa-

259 3936 338 4003 bia'
351 3943 384 4001 et
399 3933 584 4019 ‘Scaptia'
599 3935 765 4000 Tribulem
781 3938 936 4017 habuere,
952 3942 1049 4024 cujus
1057 3941 1106 4006 rei
1113 3945 1231 4008 testem
1239 3942 1345 4010 babeo

260 4036 557 4120 locupletissimum
571 4041 761 4120 sequentem
775 4037 1023 4122 inscriptionem
1032 4062 1043 4107 z,

668 4167 700 4218 0·
723 4169 825 4216 ΝΜΟ
849 4171 880 4220 G.
904 4171 934 4220 F.
