3006 4874
240 345 324 432 112·
579 361 626 413 nn
649 363 681 410 c.
706 359 824 408 eurum
851 357 989 406 rursm

242 507 482 575 carminibusue
503 502 751 588 cognoscendis¹
771 519 923 584 operam·
938 499 1050 576 ullam,
1076 501 1134 562 aut
1162 497 1249 581 stylo
1271 495 1326 564 vel

241 610 433 674 necessario
443 607 553 672 dedit.
564 653 572 670 .
585 606 777 688 epistolas,
790 604 967 677 orationes,
977 607 1012 663 et
1020 598 1130 663 edicta
1140 598 1247 662 alieno
1262 596 1326 661 ior·

240 711 358 779 mahat
378 705 527 789 iugenio?
571 705 658 770 Nec.
671 704 834 768 distrahor
855 703 889 766 in
916 701 1089 766 adversam
1113 697 1326 774 senteutiam,

241 811 325 896 quia
350 810 542 874 Domitiano
566 809 747 890 imperante
772 811 845 868 tuta
868 803 951 867 satis
973 801 1124 866 adulatio
1140 818 1204 864 uon
1221 807 1328 878 esset;

243 931 318 978 nam
332 910 551 993 periculosius
561 914 631 972 erat
641 927 705 970 uon
715 905 857 981 adulari,
872 902 965 988 quod
977 922 1014 966 se
1026 901 1084 964 ille
1098 901 1141 964 ab
1157 901 1233 964 uuis
1245 900 1328 964 iuri·

242 1009 429 1077 tislaudari
441 1011 484 1074 ab
501 1010 611 1074 alteris
626 1007 908 1071 contemnentibus
919 1023 986 1068 uon
1001 1000 1129 1066 laudari
1146 1021 1251 1086 penes
1267 1001 1328 1065 Di-

245 1131 339 1178 onem
360 1111 592 1176 arbitraretur:
625 1126 703 1190 quae
730 1125 782 1170 res
810 1106 900 1182 iecit,
922 1110 958 1167 ut
984 1102 1103 1186 politas
1132 1103 1329 1166 celebriores

242 1214 386 1278 reterens
407 1213 603 1293 imperatore
623 1205 819 1272 Domitiano
847 1204 1073 1282 Quintilianus
1090 1221 1131 1266 eo
1153 1201 1328 1266 immodice

243 1313 381 1379 laudato
407 1310 555 1388 adulata,
580 1327 679 1391 qnam
703 1313 886 1375 contemtor
915 1304 1098 1387 praeterito,
1128 1301 1231 1366 videri
1257 1321 1329 1366 ma·

172 1394 177 1404 ¹
243 1414 355 1490 luerit,
380 1412 440 1476 sed
464 1412 512 1475 ita
536 1419 575 1473 ut
600 1409 706 1492 petita
722 1408 832 1484 venia,
854 1406 935 1488 qnia
960 1404 1141 1482 laudasset,
1163 1421 1241 1466 enm
1269 1422 1329 1486 po·

221 1515 312 1578 tius
335 1517 538 1576 assentatum
564 1529 652 1586 esse,
666 1527 765 1592 quern
789 1507 932 1572 instituti
959 1507 1043 1570 serie
1068 1505 1117 1567 ita
1137 1503 1329 1588 postulante

203 1661 206 1668 ·
244 1616 299 1680 sui
326 1613 518 1680 meminisse
549 1610 760 1674 Domitianos
790 1607 955 1690 suspicari
981 1625 1047 1670 nou
1075 1611 1200 1688 posset.
1245 1604 1328 1670 Eam

244 1733 348 1799 porro
371 1717 512 1797 partem,
535 1729 603 1793 qua
625 1708 754 1774 Plinius
778 1707 907 1771 videtur
925 1707 1074 1771 voluisse
1090 1705 1329 1787 Imperatorem

246 1812 545 1898 ‘quemadmodum
574 1812 706 1875 fratrem
730 1808 916 1873 imitaretur
937 1805 1174 1890 excogitasse,’
1197 1806 1252 1872 sic
1274 1826 1331 1872 ec·

246 1916 349 1998 cipio,
372 1920 421 1992 ut,
443 1913 473 1976 si
488 1918 601 1976 tantus
616 1909 717 1993 poeta
736 1908 799 1974 suit
813 1909 1040 1986 Domitianus,
1055 1913 1213 1990 quantum
1227 1906 1333 1987 Quiu-

245 2015 386 2082 tiliauus
406 2014 578 2097 praedicat,
593 2011 693 2076 animi
715 2010 784 2074 Titi
805 2010 1052 2074 toecanditatem
1074 2009 1208 2074 Plinius
1226 2011 1332 2074 extol-

245 2115 307 2194 lat,
321 2133 387 2197 qua
400 2133 468 2176 nou
488 2114 598 2177 solnm
617 2111 805 2195 eloquentia
824 2112 1029 2193 praestiterit,
1045 2129 1156 2175 verum
1177 2113 1278 2175 eliam
1299 2112 1331 2175 in

248 2214 386 2300 politica
402 2211 583 2291 excellens,
598 2211 651 2276 cui
666 2212 812 2276 maxime
828 2212 1040 2276 Domitianus
1051 2212 1241 2290 studuisset,
1257 2232 1333 2276 eum
1448 2257 1450 2260 -

244 2317 398 2383 imitatus
412 2315 529 2394 tuerit3
553 2314 607 2377 rel
628 2312 672 2391 si,
687 2319 725 2377 ut
740 2313 895 2386 diximus,
918 2312 1149 2377 Domitianum
1171 2313 1332 2389 adulatio,

248 2436 315 2480 uon
341 2417 477 2492 veritas,
507 2415 611 2479 talem
637 2419 829 2496 tantamque
859 2412 993 2496 pn'etam
1018 2413 1127 2492 finxit,
1156 2432 1221 2478 uon
1247 2415 1334 2478 sicut

249 2517 368 2600 legitur
388 2517 422 2580 in
444 2516 627 2600 impressis
651 2511 902 2598 quemadmodum
916 2511 1057 2600 fratrem
1088 2533 1206 2599 quoque
1231 2513 1335 2582 imito-

245 2616 327 2680 κη’*
352 2614 540 2702 excogitasti,
569 2615 746 2697 scripsisse
773 2613 918 2679 Plinium
945 2617 1059 2680 volunt
1084 2615 1246 2693 nonnulli,
1275 2615 1332 2679 sed

247 2714 503 2802 quemadmodum
525 2711 636 2798 frater
668 2735 785 2798 quoque
817 2715 992 2778 imitaretur
1022 2716 1208 2799 excogitasti,
1239 2731 1333 2798 spee-

250 2817 428 2882 tatissimis
465 2816 623 2882 videlicet
661 2815 808 2880 moribus
846 2822 944 2898 atque
979 2817 1111 2901 imperii
1147 2817 1335 2882 exercitati·

247 2938 318 2986 oue
332 2918 541 2984 nobilissima
555 2918 668 3000 ipsum
690 2918 836 2981 inritans
856 2915 898 2980 ad
923 2923 956 2981 te
982 2917 1188 2996 imitandum,
1202 2919 1290 3001 quod
1314 2937 1335 2981 a

191 3037 193 3044 ·
250 3018 447 3085 Domitiano
473 3037 664 3101 quanquam
690 3017 890 3082 invitissimo
914 3018 1091 3102 aliquando
1111 3018 1234 3084 factum
1258 3037 1334 3082 esse

250 3119 434 3184 Suetonius
455 3124 489 3183 et
517 3119 656 3182 Tacitus
681 3119 715 3182 iu
747 3120 871 3203 scripta
900 3119 1053 3183 retulere.
1108 3115 1334 3195 ‘Simulavit’

249 3219 360 3302 inquit
373 3218 430 3283 ille
445 3219 479 3282 in
497 3218 571 3302 ejus
589 3217 677 3292 Vita,
700 3219 840 3301 ‘etipse
856 3221 935 3283 mire
949 3220 1156 3298 modestiam,
1171 3220 1335 3302 inprimis·

253 3339 317 3405 que
330 3317 475 3404 poeticae
490 3319 645 3396 studium,
661 3327 729 3385 tam
751 3319 915 3386 insuetum
930 3326 1027 3385 autea
1049 3321 1114 3384 sibi
1130 3340 1227 3405 quam
1244 3329 1335 3403 post·

249 3441 294 3490 ,ea
308 3428 485 3504 spretum3
506 3408 725 3505 recitavitque
757 3423 856 3486 etiam
885 3421 1037 3505 publice.'
1081 3420 1230 3497 ‘Simul'
1253 3421 1336 3484 alter

250 3523 302 3589 ait
320 3522 405 3585 libro
420 3521 548 3586 decimo
570 3540 669 3599 nouo,
686 3521 925 3605 ‘simplicitatis
943 3541 984 3586 ac
1000 3521 1176 3586 modestiae
1191 3522 1334 3604 imagine

120 3613 123 3620 ⁴
253 3625 287 3690 in
313 3621 483 3687 altitudine
510 3622 676 3700 conditus,
699 3623 910 3707 studiumque
936 3623 1113 3700 literarum,
1136 3629 1168 3687 et
1193 3639 1334 3687 amorem

247 3725 433 3788 carminum
450 3723 620 3801 simulans,
637 3744 705 3809 quo
724 3725 848 3790 velaret
862 3725 1019 3802 animum,
1033 3732 1066 3790 et
1079 3726 1191 3790 fratris
1202 3725 1336 3790 aemulu-

255 3826 335 3891 tioni
349 3823 566 3889 subduceret!
608 3827 656 3890 Ut
670 3829 756 3892 euim
772 3847 808 3892 se
829 3827 1043 3892 Domitianus
1057 3827 1219 3908 diligeret,
1235 3827 1336 3892 nullis

253 3925 438 4005 beneficiis,
463 3926 677 4010 obsequiisve
700 3929 789 4006 ullis,
811 3929 972 4012 consequi
992 3927 1090 3993 'litus
1113 3947 1255 4013 unquam
1278 3949 1337 4012 po-

248 4029 330 4095 tuit.
375 4027 441 4093 Sed
456 4028 542 4094 adeo
557 4028 665 4094 indies
680 4031 785 4112 magis
794 4031 956 4095 adversus
971 4051 1045 4094 eum
1062 4050 1102 4095 ac
1118 4036 1240 4113 patrem
1256 4030 1336 4094 odio

250 4129 441 4206 examital
458 4128 603 4213 adeptus
625 4130 848 4215 principatum
872 4131 982 4197 fratris
1006 4132 1141 4216 quidem
1166 4131 1338 4196 existima·
