3006 4874
252 381 314 446 130
538 421 541 426 ,
588 394 636 439 ns
660 393 692 440 c.
717 389 836 438 aaran
862 389 1002 438 rasura

252 538 410 606 dictionis
435 539 535 620 culpa
555 556 619 603 non
644 537 677 600 in
701 535 849 612 Suidam,
864 532 925 598 sed
942 532 1042 597 alium
1056 533 1245 615 quempiam
1262 532 1342 596 milri

252 641 365 724 potius
378 639 506 703 videtur
522 657 599 700 esse
609 635 802 721 rejicienda,
812 635 870 719 qui
882 653 959 698 cum
968 633 1095 697 nullum
1105 632 1342 698 Dioscoridem

251 737 417 806 medicum
433 744 552 823 praeter
568 736 806 802 Anazarbeum
824 740 1032 818 agnosceret,
1046 735 1179 816 ignarus
1194 737 1342 819 antiquae

251 843 416 920 historia,
433 849 469 905 at
479 841 663 904 Anazmbae
679 839 835 915 conditae,
847 839 924 915 sibi,
939 842 976 900 ut
990 835 1103 902 Suidae
1116 845 1260 900 veterem
1271 838 1340 902 lec·

251 945 372 1010 tionem
385 963 426 1008 ac
438 943 624 1025 genuinam,
638 940 872 1006 Dioscoridem
881 939 1143 1004 Menandrinum
1154 938 1340 1015 facientem,

252 1045 465 1128 depravatam
480 1061 555 1106 esse
569 1040 731 1118 crederet,
746 1033 779 1104 id
795 1042 941 1106 animum
958 1041 1130 1118 inducens,
1141 1039 1344 1122 depravave-

250 1147 305 1223 rit,
319 1147 395 1210 loco
414 1145 507 1209 verbi
527 1141 712 1230 Ἀλεζαςβιὸς
730 1144 831 1206 altero
856 1142 1041 1226 Ἀναζαρβιὺς
1062 1143 1255 1224 subrogato,
1275 1140 1344 1206 ior-

252 1253 343 1310 tasse
368 1246 548 1310 arbitratus
567 1245 611 1307 ob
630 1244 801 1326 utriusque
820 1245 913 1308 verbi
926 1244 1126 1308 vicinitatem
1142 1242 1244 1308 iacile
1260 1246 1343 1308 scri·

251 1349 327 1412 bam
341 1346 410 1410 labi
427 1345 586 1426 potuisse.
641 1344 729 1408 Sane
743 1343 853 1407 omnis
867 1342 1057 1420 difficultas,
1070 1350 1105 1407 ct
1119 1363 1287 1427 apparens
1301 1363 1342 1409 ao

252 1446 360 1528 turpis
373 1446 410 1508 in
422 1442 522 1507 dictis
538 1442 652 1508 Suidae
669 1447 894 1509 controversia
908 1444 1052 1510 demitur
1065 1445 1140 1529 ejus
1153 1446 1295 1510 lectione
1308 1447 1341 1510 in

252 1548 338 1612 hunc
353 1543 485 1611 modum
500 1544 666 1620 restituta,
678 1549 710 1608 et
723 1545 800 1608 loco
810 1543 1011 1608 Anazarbens
1023 1544 1254 1611 Alexandrinus
1263 1549 1343 1612 sub·

253 1649 382 1724 stituto,
395 1664 497 1729 quem
506 1644 656 1729 inprimis
673 1644 822 1710 Phacam
837 1648 1109 1728 cognominatum
1119 1665 1194 1712 esse
1206 1655 1342 1714 constat

253 1767 298 1812 ex
312 1748 456 1824 Galeno,
472 1753 504 1812 et
524 1746 703 1830 Herophili
719 1753 918 1812 sectatorem
933 1748 1098 1812 extitisse.
1140 1748 1237 1812 Idem
1253 1751 1342 1815 Bac·

253 1850 329 1913 chio
357 1848 554 1924 adversatus
578 1854 629 1911 est
654 1853 779 1931 septem
802 1847 900 1912 libris
925 1869 946 1913 a
970 1869 1008 1914 se
1023 1849 1238 1933 conscriptis,
1252 1855 1341 1915 teste

254 1951 409 2016 Erotiano
423 1950 456 2012 in
467 1948 665 2014 Dictionarii
678 1950 732 2013 sui
748 1949 960 2016 Proefatione.
985 1951 1129 2016 Videtur
1140 1954 1240 2018 etiam
1253 1951 1342 2036 Hip·

252 2051 402 2137 poeratis
417 2051 632 2134 Interpretem
647 2052 767 2133 egisse,
783 2052 981 2117 anctoritate
1002 2053 1101 2116 Pauli
1122 2053 1288 2136 AEginetae
1302 2055 1342 2119 li-

252 2156 313 2218 bro
328 2159 447 2235 quarto
462 2171 539 2236 cap.
553 2153 608 2216 24.
625 2153 661 2216 in
679 2154 904 2236 explicatione
921 2151 1155 2239 vernivianum
1170 2161 1257 2220 certe
1274 2155 1343 2220 alia

252 2255 406 2338 quaedam
416 2254 550 2318 diversa
564 2255 606 2316 ab
620 2255 684 2331 his,
698 2275 773 2338 quae
798 2274 820 2318 a
841 2255 864 2320 J
867 2255 984 2320 uniore
1001 2255 1197 2322 Dioscorida
1212 2257 1339 2339 scripta

251 2363 336 2432 sunt,
347 2355 492 2419 edidisse
502 2373 546 2417 ex
558 2352 689 2418 Gelono
701 2356 878 2437 colligitur,
888 2375 963 2421 cum
974 2359 1006 2420 iu
1021 2358 1193 2422 Prooemio
1206 2357 1342 2441 Hippo·

250 2462 351 2536 cratia
372 2461 557 2541 linguarum
582 2458 828 2540 explanationis
853 2458 912 2536 ait,
929 2458 1159 2524 DioscorIdem
1174 2459 1341 2543 quendam

246 2562 427 2646 juniorem,
437 2580 500 2624 non
517 2558 751 2640 Hemphilium
766 2558 858 2624 illum
880 2567 1100 2642 cognomento
1122 2559 1284 2637 Phacam,
1300 2581 1340 2626 ne

251 2671 401 2747 quartam
427 2662 561 2746 quidem
582 2667 709 2743 partem
732 2660 956 2743 Hippocratis
971 2663 1146 2726 verboram
1162 2661 1340 2743 exposuis-

252 2769 312 2828 set.
335 2763 425 2827 Nam
439 2763 496 2826 ubi
510 2761 592 2826 nihil
608 2762 812 2844 scripsisset,
823 2781 889 2826 non
903 2770 973 2828 erat
988 2783 1046 2830 cur
1058 2762 1206 2828 futurum
1215 2781 1340 2827 verere-

251 2871 313 2942 tur,
329 2871 364 2928 ut
377 2865 430 2928 hio
451 2864 566 2947 junior
586 2883 661 2928 cum
681 2863 739 2927 illo
762 2848 1027 2930 confunderetur.
1071 2864 1229 2930 Dicerem
1250 2864 1339 2928 lrnnc

250 2985 327 3030 eum
348 2985 434 3042 ease,
461 2985 561 3048 quam
588 2964 738 3028 Galenus
758 2962 909 3028 audaciae
931 2967 1039 3030 nimiae
1066 2967 1101 3028 in
1121 2965 1339 3049 Hippocratis

250 3066 425 3150 scripturis
437 3064 648 3129 immutandis
657 3063 801 3142 damnat,
813 3065 888 3143 nisi,
901 3067 1040 3132 eundem
1051 3066 1226 3133 Hadriano
1234 3067 1338 3150 impc-
1448 3153 1450 3160 Ι

250 3175 345 3232 rante
357 3166 495 3244 vixisse,
507 3162 692 3249 prodidisse
701 3165 878 3244 videretur,
890 3167 980 3250 qnod
991 3167 1033 3231 ad
1044 3166 1213 3250 juniorem
1225 3168 1337 3232 verius

249 3269 403 3353 pertinet,
418 3267 540 3352 dequo
555 3266 692 3331 locutus
708 3265 860 3330 Galenus
877 3267 911 3330 in
928 3267 1098 3333 Prooemio
1112 3270 1267 3351 proximo
1279 3268 1339 3332 ad·

248 3370 348 3435 ducto
361 3370 433 3434 haec
449 3369 569 3434 habet:
592 3369 677 3433 ‘Sed
693 3367 911 3433 Dioscorides
921 3369 1044 3451 junior,
1055 3377 1191 3449 patrum
1206 3375 1337 3434 nostro·

247 3492 317 3535 rum
331 3474 500 3548 memoria,
516 3492 558 3536 ne
574 3477 723 3554 quartam
739 3471 873 3550 quidem
885 3474 1011 3551 partem
1027 3468 1250 3551 Hippocratis
1266 3490 1337 3534 om-

114 3615 117 3624 ·
248 3574 336 3635 nium
361 3573 536 3636 verbomm
555 3567 732 3654 exposuit?
775 3568 1010 3634 Natusautem
1028 3569 1246 3637 Galenusest
1262 3572 1336 3638 Ha-

249 3671 356 3736 driani
371 3673 578 3756 principatus
595 3672 689 3736 annis
702 3669 849 3746 ultimis,
865 3689 932 3752 qno
951 3671 1138 3736 dominante
1163 3673 1337 3738 Dioscori-

249 3772 308 3838 des
333 3774 364 3836 is
383 3773 508 3836 vixisse
527 3773 665 3848 videtur,
679 3773 738 3857 qui
753 3771 1030 3856 Hippocraticam
1045 3772 1220 3838 lectionem
1234 3776 1336 3860 pluri-

248 3875 313 3938 bus
328 3875 360 3937 in
376 3873 462 3938 locis
476 3875 652 3956 pervortit;
676 3875 798 3958 quibus
812 3873 934 3958 conjici
949 3879 1059 3956 potest
1074 3875 1215 3940 eundem
1228 3877 1335 3942 inisse

248 3975 473 4059 Hippocratis
500 3993 638 4058 operum
663 3984 900 4059 corruptorem,
927 3983 961 4040 et
977 3975 1146 4059 juniorem
1162 3977 1336 4046 Dioscori-

248 4075 334 4153 dem,
350 4085 408 4141 aut
428 4083 518 4156 certe
539 4083 726 4142 coaetaneos
748 4078 915 4143 extitisse.
956 4077 1010 4145 Sit
1028 4079 1136 4162 igitur,
1149 4084 1186 4144 nt
1206 4079 1334 4145 dictum

244 4183 312 4253 est,
328 4171 443 4244 S'nidae
458 4173 672 4242 Dioscorides
688 4177 905 4261 Herophiliua
926 4179 995 4257 illa,
1016 4187 1050 4245 et
1070 4177 1334 4258 Alexandrinus,
