3056 4878
271 381 338 450 456
635 392 667 438 c.
690 388 811 442 rurnrr
836 386 997 440 sucuuor

274 537 457 610 Inthururn
483 551 595 613 regem
617 531 753 614 lugeret,
778 531 925 608 Arabico
949 531 1022 594 sinu
1043 549 1224 612 effessum,
1246 529 1362 596 Gades

274 657 380 721 nsque
394 641 610 718 pervectum:
635 633 808 716 multoque
830 641 1004 698 antaeum
1026 629 1154 698 Caelius
1170 631 1363 716 Antipater,

276 738 398 806 vidisse
413 757 463 814 sc,
480 735 539 817 qui
554 733 742 815 navigasset
756 752 799 800 ex
815 733 983 816 Hispania
1000 731 1033 795 in
1049 733 1260 816 AEthiopium
1274 753 1365 800 com·

273 837 390 906 mercii
402 835 517 918 gratia.
562 834 655 900 Idem
671 833 791 916 Nepos
806 833 847 900 de
862 834 1121 916 septemtrionali
1142 835 1284 900 circuitu
1299 845 1365 900 tra·

276 937 338 1014 dit,
352 935 480 1016 Quinto
495 935 634 1000 Metello
652 934 768 1012 Celeri,
787 934 828 1000 Ι..
845 931 1017 1000 ulmum*
1043 937 1079 1002 iu
1098 936 1276 1002 consulatu
1298 937 1366 1002 col·

276 1037 374 1118 lega,
392 1037 537 1101 sedtum
550 1035 674 1100 Gallim
694 1037 898 1118 proconsuli,
914 1035 1021 1100 Indos
1036 1055 1149 1118 aroge
1163 1035 1365 1102 SucrommJ¹

277 1137 367 1204 dono
394 1137 505 1216 datos,
528 1137 599 1220 qui,
623 1153 669 1200 ex
696 1137 795 1202 India
819 1136 1009 1202 commercii
1031 1154 1134 1202 causa
1155 1138 1367 1219 navigantes,

277 1241 529 1322 tempestatibus
554 1245 668 1302 essent
693 1238 728 1304 in
754 1237 966 1312 Germaniam
991 1237 1131 1320 abrepti.
1175 1238 1233 1304 Sic
1262 1241 1367 1306 maria

277 1340 477 1406 circumfusa
498 1339 643 1424 undique
665 1338 802 1406 dividuo
826 1338 926 1421 globo
950 1343 1077 1420 partem
1098 1340 1190 1404 orbis
1215 1339 1367 1406 nutarunt

274 1441 400 1506 nobis:
425 1461 487 1506 nec
501 1441 575 1506 inde
599 1435 693 1519 lroc,k
717 1459 780 1506 nec
802 1440 880 1504 lriuc
895 1439 955 1504 illo
976 1433 1097 1523 pervio
1113 1447 1234 1508 tractu.
1278 1439 1366 1520 Quat

278 1543 527 1626 contemplatio,
549 1548 630 1626 apta
653 1541 844 1624 detegenda.
865 1541 1053 1608 mortalium
1066 1543 1218 1620 vanitati,
1229 1561 1368 1626 poscere

274 1644 417 1723 uidetur,
431 1649 468 1708 ut
492 1650 597 1710 totum
617 1644 692 1723 lroc,
713 1644 873 1728 quicquid
895 1650 960 1721 est,
980 1644 1012 1708 in
1034 1663 1101 1727 quo
1122 1643 1266 1725 siugulis
1285 1643 1369 1711 nihil

279 1747 362 1814 satis
376 1751 436 1823 est,
450 1763 513 1810 ceu
530 1746 741 1829 subjectum5
766 1747 885 1825 oculis,
898 1751 1056 1828 quantum
1070 1746 1119 1812 sit
1130 1747 1312 1812 ostendam.

324 1861 466 1910 oxvrrr.
491 1845 665 1931 (uxvrrr.)
689 1846 950 1930 imprimam*
975 1849 1008 1911 in
1028 1847 1167 1912 dimidio
1182 1849 1371 1931 computari

278 1947 417 2024 videtur,
431 1955 590 2034 tauquam
602 1950 695 2016 nulla
708 1951 818 2032 portio
832 1950 900 2032 ipsi
915 1948 1089 2016 decidatur
1103 1947 1239 2014 Oceano
1251 1969 1262 2014 t
1274 1958 1283 1986 ¹
1311 1951 1370 2032 qui

279 2053 353 2114 toto
368 2048 590 2114 circumdatos
612 2050 738 2128 modio,
760 2056 793 2116 et
814 2069 928 2116 ornnes
943 2055 1069 2114 ceteras
1090 2047 1235 2114 lundens
1249 2050 1372 2132 recipi·

279 2167 406 2231 eosque
421 2167 540 2233 aquas,
555 2157 591 2215 et
605 2151 766 2235 quicquid
787 2153 858 2218 exit
871 2151 907 2218 in
921 2152 1092 2228 nabasce
1107 2150 1218 2215 sidera
1231 2151 1309 2233 ipsa
1322 2157 1373 2216 tot

281 2258 317 2314 et
340 2256 440 2320 tantae
461 2253 693 2333 magnitudinis
717 2272 962 2336 parcensque
985 2250 1117 2320 tandem
1143 2251 1372 2334 amplitudinis

282 2591 512 2714 erpjoepnrendarit,
538 2592 568 2641 l..
589 2593 718 2656 dsrieoai,·
752 2595 812 2646 edd.
833 2602 895 2646 vett.
917 2597 946 2648 C.
968 2595 1123 2656 afmait-t
1151 2595 1309 2658 timuerim,
1334 2610 1373 2645 aee

281 2671 308 2703 ra
368 2670 414 2704 ura.

314 2721 382 2768 Cur.
394 2731 494 2768 oxrrrr.
511 2725 522 2768 1
536 2721 594 2769 dara
603 2721 706 2785 primurn
716 2724 770 2773 inde
787 2723 846 2774 mili
863 2725 1028 2787 diepataadarrr
1044 2723 1148 2782 ridetur,
1158 2737 1211 2770 carr
1220 2723 1286 2770 arella
1295 2721 1373 2784 portio

281 2781 432 2844 iprideeedat
443 2783 500 2832 cod.
517 2785 608 2834 Doleo.
643 2785 702 2836 lade
718 2787 777 2836 erili
794 2789 959 2850 dimatandarrr
973 2787 1075 2848 uidetur,
1091 2801 1197 2848 querar
1214 2787 1292 2848 portio
1309 2787 1375 2835 illias

281 2846 327 2910 ipei
337 2847 431 2896 decedat
442 2861 525 2896 menno
537 2855 589 2898 rat.
601 2849 694 2900 Dniec.
706 2858 733 2900 et
747 2851 860 2903 Pintian.
892 2853 950 2900 dara
961 2851 1064 2915 primata
1074 2851 1128 2899 iade
1138 2849 1198 2898 erili
1208 2850 1327 2912 disparari
1337 2849 1374 2898 oi·

280 2911 359 2973 datar,
369 2923 421 2959 eaor
430 2912 496 2960 auto
505 2913 592 2975 portio,
602 2915 644 2975 irc.
660 2914 785 2964 Salmant.
798 2922 824 2964 et
837 2913 879 2964 ed.
891 2915 964 2964 Rom.
985 2915 1054 2962 Vide
1068 2913 1129 2962 Not.
1139 2913 1200 2961 Var.
1215 2915 1308 2962 Totum
1320 2915 1345 2964 lr.
1357 2914 1374 2962 Ι.

280 2975 320 3022 ito
331 2974 432 3037 profert
443 2976 590 3024 Gronovius
602 2977 629 3024 iu
644 2977 761 3040 Epistola
773 2977 880 3028 Heinsio
890 2981 974 3036 mirra,
984 2979 1081 3042 Syllog.
1095 2979 1145 3041 Ep.
1155 2979 1229 3026 Tour.
1239 2991 1283 3027 rrr.
1293 2993 1320 3040 p.
1333 2981 1374 3026 ti.

281 3039 340 3084 dara
347 3052 373 3098 p.
385 3038 403 3086 r'.
412 3039 437 3085 d.
448 3039 507 3086 aridi
516 3041 647 3101 comparere·
663 3055 686 3091 rr.
697 3048 715 3090 t.
727 3057 751 3090 rr.
762 3055 787 3104 p.
798 3045 817 3090 i.
827 3045 922 3092 decedat
932 3058 1025 3104 remae,
1036 3060 1061 3105 q.
1072 3048 1091 3092 t.
1103 3057 1125 3091 c.
1135 3056 1219 3090 oceane
1229 3046 1253 3090 et
1264 3056 1344 3090 oram
1353 3057 1374 3089 e.

276 3099 301 3158 s.
313 3115 335 3149 r.
351 3117 375 3150 u.
385 3105 410 3150 et
421 3117 444 3163 q.
456 3117 477 3151 e.
489 3103 507 3150 i.
524 3103 604 3166 natu,
615 3117 675 3153 aer.
685 3105 703 3155 i.
721 3110 745 3153 et
760 3112 780 3154 t.
791 3121 824 3156 rrr.
839 3119 944 3169 paoem
977 3108 1060 3162 ant.
1072 3106 1375 3169 aspernamentum

774 3271 883 3320 NOTAE

281 3393 410 3454 nimirum,
420 3394 461 3444 coi
475 3395 602 3446 Lathorrre
612 3398 744 3450 erreoerrit.
848 3402 901 3450 ulio
912 3401 1003 3451 reiora
1015 3398 1205 3450 existimabant.

314 3467 481 3531 ¹L.Afroeir']
490 3470 557 3521 Vide
566 3472 649 3522 Notat
660 3481 688 3524 et
698 3473 807 3525 Emend.
880 3484 892 3513 ⁸
906 3478 964 3526 dara
977 3473 1093 3539 prinam]
1110 3475 1150 3524 Ac
1168 3473 1377 3538 primoquidem,

282 3557 351 3595 orror.
363 3549 403 3597 id.
848 3552 941 3616 inquit,
958 3557 1042 3600 totum
1058 3551 1107 3600 lroc
1130 3549 1255 3614 quicquid
1277 3559 1328 3608 ert,
1351 3551 1378 3598 iu

311 3619 321 3664 l
336 3622 358 3670 Δ
375 3635 431 3682 rege
441 3619 580 3685 Saeoorarrr]
595 3621 662 3672 Vide
679 3622 762 3675 Notae
778 3629 808 3676 et
849 3643 901 3692 quo
911 3641 966 3676 rere
978 3628 1067 3690 ingena
1079 3627 1165 3689 aperit
1176 3625 1324 3674 mortalium
1336 3641 1378 3674 rra·

282 3695 522 3744 Euandrumfio.
849 3703 926 3764 nitar,
945 3717 991 3766 pro
1012 3701 1118 3752 dimidio
1138 3701 1220 3750 totino
1243 3701 1324 3764 globi,
1345 3716 1378 3751 ea

315 3766 327 3800 ¹
344 3770 395 3818 Nec
406 3769 460 3818 irrde
470 3769 525 3832 luc]
543 3771 654 3822 (liobam
672 3780 748 3824 terroe
765 3789 808 3824 re·
850 3785 919 3827 terra
929 3783 956 3826 et
967 3791 1033 3839 aqua
1044 3776 1223 3836 coaleecentir,
1234 3777 1378 3838 computari

283 3851 353 3892 terea
369 3844 458 3893 induo
474 3845 556 3894 intera
566 3845 620 3895 aira
630 3847 809 3911 hemispheria
850 3865 926 3916 ponae
943 3851 1019 3914 vulgo
1036 3851 1166 3900 creditor:
1186 3851 1297 3914 perinde
1313 3865 1344 3902 ac
1357 3851 1378 3900 ai

283 3917 434 3975 diviserant,
443 3920 551 3969 Oceano
560 3920 680 3972 discluea.
706 3924 765 3976 Qua
776 3939 809 3974 ea
851 3941 897 3992 per
908 3941 935 3976 re
946 3939 996 3975 non
1007 3926 1040 3976 rit
1058 3925 1139 3975 molto
1150 3926 1234 3988 major
1246 3926 1379 3990 Omanae,

284 3991 404 4053 opinione
416 3993 518 4055 acriprit
527 3994 626 4044 Plinio·
636 3996 722 4048 medio
731 4005 808 4048 terror
848 4011 893 4052 ant
909 4017 960 4056 non
977 4015 1068 4064 magno
1084 4000 1162 4048 etiam
1178 4000 1257 4064 liujus
1268 4001 1379 4052 dividae

284 4069 359 4127 globo
371 4067 481 4120 loturum
492 4073 625 4124 Oceanum
638 4083 725 4137 partae
735 4083 809 4128 tarra
849 4080 930 4144 partie
947 4078 1031 4142 portio
1048 4077 1098 4140 ipai
1113 4076 1252 4128 decidatur·
1263 4077 1382 4139 Oceano,

285 4139 415 4194 dividere:
433 4159 516 4210 neque
531 4163 591 4198 raro
607 4149 678 4198 illine
688 4151 748 4213 lrrro,
764 4166 808 4202 ne·
849 4163 876 4204 et
889 4155 972 4205 eidam
983 4151 1107 4202 accedat:
1124 4153 1169 4214 qui
1187 4165 1248 4206 cunt
1262 4159 1321 4204 toto
1331 4153 1383 4203 cir·

285 4227 334 4278 qua
343 4216 400 4266 hinc
412 4219 455 4266 illo
468 4223 607 4272 transmitti
619 4239 694 4286 poaae
704 4227 809 4290 remigio
849 4231 984 4280 condetur
996 4227 1090 4287 medio,
1102 4228 1150 4278 &a
