3006 4874
432 405 562 454 nnorro
586 408 626 457 ιι.
653 407 766 457 raum
791 407 973 458 creamur.
1182 397 1244 464 lar

158 565 227 630 quo
252 547 386 610 nomine
409 546 443 610 in
468 547 614 632 AEgyplo
632 551 761 616 vixisse
776 573 847 619 curn
864 562 1008 632 constat,
1024 553 1245 638 floruisseqne

158 649 269 731 potnit
283 646 431 712 Antonio
442 653 475 712 et
490 649 668 734 Cleopatra
684 654 945 737 dominantibus,
956 661 1057 741 atque
1072 657 1246 722 familiari-

159 756 313 816 tetecum
328 747 428 814 Arrio
447 749 591 832 Augusti
602 762 810 837 praeceptore
826 761 1024 846 conjunctus
1039 779 1126 835 esse,
1147 760 1246 844 cujus

159 855 352 932 argumento
367 851 516 918 Plinium
538 853 737 921 Dioscoride
756 857 862 926 inisse
876 863 1090 944 posteriorem
1105 879 1247 925 accusa·

158 961 248 1016 tores
263 971 411 1018 asserere
425 973 493 1034 non
518 955 729 1023 dubitarunt:
750 961 822 1039 sed,
848 969 886 1028 ut
909 963 1007 1029 interi
1024 983 1160 1027 necesse
1183 972 1246 1040 est,
1278 1027 1280 1030 .

158 1055 244 1118 bunc
253 1051 386 1118 Arrium
397 1056 633 1139 pluribuante
642 1058 742 1124 Plinii
753 1065 964 1130 nativitatem
975 1066 1069 1130 annis
1080 1065 1246 1144 floruisse;

159 1157 310 1222 vicissim
337 1177 414 1222 eum
438 1178 526 1237 esse,
549 1160 592 1225 ad
619 1181 715 1244 quem
742 1163 962 1232 Dioscorides
986 1167 1133 1250 scripsit,
1157 1165 1246 1250 quod

159 1259 356 1323 adversariis
374 1261 494 1325 nostris
512 1263 619 1327 risum
634 1270 697 1342 est,
711 1264 809 1331 fateri
821 1287 887 1332 non
902 1275 953 1334 est
967 1286 1116 1333 necesse.
1152 1266 1247 1345 ¹Quae

159 1360 245 1424 enim
260 1361 347 1425 ratio
360 1361 592 1428 Dioscoridem
613 1364 845 1432 Anazarbenm
870 1371 990 1449 probat
1014 1369 1078 1432 sub
1102 1367 1249 1431 Antonio

160 1468 192 1524 ot
207 1461 388 1545 Cleopatra
399 1482 465 1526 non
479 1465 615 1539 vixisse,
631 1467 770 1530 eundem
783 1467 875 1530 nullo
888 1473 989 1549 pacto
1004 1466 1150 1548 Augusti
1164 1487 1249 1550 prae-
1353 1475 1357 1488 ’

160 1569 295 1645 cleptore
317 1562 416 1628 Arrio
436 1563 644 1628 familiariter
658 1565 707 1629 oti
722 1568 871 1648 potuisse
884 1587 926 1632 ea
939 1567 1150 1648 demonstrat,
1165 1569 1250 1634 inter

160 1685 261 1747 qoem
285 1671 318 1728 et
343 1666 500 1742 Nervam,
524 1685 592 1750 quo
611 1667 751 1750 jubente
765 1666 977 1734 Anazarbam
992 1666 1171 1733 Anazarba
1189 1687 1250 1733 ex-

161 1768 223 1830 trui
240 1767 382 1844 curarit,
400 1767 479 1850 plns
505 1787 570 1832 uno
594 1771 733 1848 smculo,
750 1771 805 1836 vel
821 1779 952 1835 centum
967 1777 1000 1836 et
1015 1771 1132 1834 decem
1148 1789 1250 1836 anno·

160 1887 232 1931 rum
247 1867 384 1932 intersit.
428 1867 502 1932 Nec
517 1870 613 1934 nobis
628 1869 693 1934 boc
713 1871 790 1934 loco
813 1878 990 1935 occurrant
1011 1870 1191 1936 adversarii
1211 1887 1252 1936 ea

160 1967 409 2046 observatione,
430 1989 506 2052 qum
523 1989 567 2034 ex
582 1971 689 2034 initiis
700 1971 858 2036 librorum
868 1971 1061 2041 ¹Anazarbei
1077 1971 1252 2036 Dioscori-

161 2071 214 2135 dis
241 2070 391 2147 habetur,
416 2073 451 2134 in
477 2072 598 2156 quibus
615 2073 715 2136 toties
732 2073 862 2137 Arrium
878 2073 934 2138 ille
948 2073 1141 2150 nominavit,
1158 2073 1249 2156 qnod

160 2170 267 2238 edidit
290 2171 332 2235 de
357 2172 493 2238 Medica
520 2175 665 2239 Materia
690 2175 814 2254 libros3
833 2176 933 2240 etiam
949 2175 983 2237 in
998 2173 1094 2237 initio
1109 2174 1195 2237 sexti
1208 2171 1253 2237 ad

159 2293 288 2339 venena
301 2275 510 2356 pertinentis3
521 2293 588 2358 que
602 2274 765 2356 frequenti
779 2275 851 2357 ejus
867 2273 1181 2340 commemoratione
1194 2291 1254 2336 no·

162 2377 264 2440 minis
280 2375 525 2457 depravationis
541 2375 733 2452 censendae,
755 2382 790 2440 et
815 2374 995 2440 accusandi
1017 2374 1141 2438 librarii
1164 2374 1253 2438 demi

160 2479 260 2543 nobis
275 2479 415 2542 occasio
426 2478 576 2542 videtur:
592 2498 658 2542 non
670 2478 758 2542 enim
774 2497 850 2541 eum
866 2495 926 2559 ego
941 2476 983 2540 ad
999 2493 1098 2559 quem
1114 2474 1255 2539 Diosco-

162 2579 253 2652 rides
275 2579 329 2643 bic
354 2585 470 2643 noster
493 2577 707 2644 Anazarbeus
729 2580 863 2662 scripsit
876 2578 1008 2641 Arrium
1022 2596 1101 2641 esse
1115 2595 1255 2658 negave-

161 2681 244 2761 rim;
267 2679 413 2744 sedeam
429 2684 526 2766 cnjus
540 2683 775 2746 intercessione
789 2680 1028 2744 Alexandrinis
1040 2679 1084 2742 ab
1099 2678 1253 2760 Angusto

160 2783 262 2845 venia
282 2783 459 2865 impetrata
481 2789 543 2861 est,
565 2801 633 2868 qno
657 2787 861 2865 praeceptore
883 2781 972 2844 idem
993 2799 1075 2843 usus
1091 2784 1153 2854 est,
1167 2778 1254 2842 hunc

163 2901 227 2964 ego
249 2901 324 2946 enm
350 2903 424 2948 esse
446 2884 583 2962 inficior,
606 2884 706 2967 cnjus
720 2884 854 2949 hortatu
870 2879 1090 2946 Dioscorides
1105 2877 1256 2942 Anazar-

163 2985 249 3048 bens
265 2985 306 3048 de
322 2985 464 3052 Materia
480 2985 616 3050 Medica
638 2986 742 3050 libros
765 2985 917 3067 quinque
942 2980 1190 3062 conscripserit,
1216 2997 1256 3042 ae
1346 3031 1348 3037 r

164 3085 219 3148 cni
230 3103 317 3168 opus
331 3082 508 3171 inscripsit.
530 3084 721 3164 Arrinsest,
737 3103 803 3148 non
819 3085 876 3148 ille
886 3083 1027 3161 Arrius;
1045 3079 1257 3164 quemadmo-

165 3189 257 3268 dum,
271 3189 378 3271 etqui
394 3189 438 3252 ad
453 3207 530 3252 enm
546 3188 662 3252 scribit
683 3185 903 3252 Dioscorides
918 3193 981 3255 est,
1009 3200 1075 3246 non
1100 3179 1158 3243 ille
1182 3179 1258 3244 Sui-

167 3289 244 3368 dee3
265 3290 428 3368 medicus,
444 3307 511 3354 non
526 3289 584 3354 ille
600 3287 774 3368 medicus;
797 3287 911 3370 plures
927 3287 1015 3350 enim
1037 3282 1142 3347 inisse
1157 3280 1258 3345 Dios-

169 3389 299 3454 corides
310 3390 469 3467 diximus,
491 3407 552 3454 nec
564 3390 707 3454 alienum
724 3388 882 3452 aratione
896 3387 1039 3450 tortasse
1053 3389 1116 3458 est,
1129 3387 1168 3444 ut
1182 3380 1258 3443 Sui·

168 3491 221 3556 d·
246 3490 470 3557 Dioscorides
482 3491 511 3554 is
525 3489 632 3563 luerit,
648 3489 745 3572 cujus
759 3489 862 3551 semel
877 3495 977 3566 atque
999 3481 1115 3546 iterum
1131 3479 1259 3544 Andro·

168 3593 307 3658 machus
330 3591 421 3686 apud
445 3587 609 3655 Galerium
630 3597 750 3675 quarto
766 3588 808 3651 de
822 3584 1010 3668 Composit.
1026 3581 1118 3646 Med.
1134 3583 1259 3648 Secun-

170 3693 249 3756 dum
260 3691 393 3757 Genera
403 3711 479 3774 cap.
490 3691 522 3755 5.
535 3692 684 3754 meminit
696 3691 731 3752 in
741 3688 930 3771 emplastris
941 3684 984 3748 ad
994 3685 1106 3749 ulcera
1116 3682 1260 3764 maligna

168 3792 361 3858 referendis.
405 3793 494 3857 Nam
509 3811 618 3878 neque
633 3791 851 3856 Anazarbens
866 3788 967 3852 fertur
981 3785 1022 3849 de
1037 3785 1258 3848 medicamen-

171 3903 278 3960 torum
290 3895 532 3978 compositione
544 3894 731 3976 scripsisse,
741 3900 774 3955 et
780 3891 891 3974 junior
899 3888 1033 3970 longius
1043 3887 1260 3966 abestonum

173 4004 212 4060 nt
238 3996 314 4080 ejus
342 3993 594 4059 Andromachae
618 3993 806 4057 meminisse
829 3989 986 4075 potnerit.
1032 3985 1138 4050 Fuere
1163 3984 1261 4065 igitur

172 4097 286 4181 plnres
302 4095 531 4174 Dioscorides,
545 4094 639 4158 inere
652 4095 768 4176 plnres
783 4093 1021 4175 Hippocrates,
1037 4085 1262 4168 Asclepiades

172 4199 284 4278 etiam,
300 4206 403 4282 atque
417 4195 639 4264 Andromachi
656 4195 778 4278 plures,
790 4211 903 4257 omnes
923 4186 1065 4255 medicis
1087 4187 1168 4271 quid
1185 4205 1262 4269 pro·
