3054 4876
252 397 316 464 198
594 408 628 458 n.
651 404 769 456 runnu
791 403 954 456 sneunnn

470 549 613 617 Naturae
627 550 809 612 ventorum.

470 647 661 733 Eonepbias
675 652 708 712 at
719 646 875 730 Typhon.

469 742 1337 831 Turbiuns,praestares,vonb'ees,atuliaprodigiosu

507 867 626 934 genera
639 852 890 930 tempestatum.

471 954 526 1020 De
540 949 755 1018 fulminibus:
779 947 903 1032 quibus
918 947 952 1012 in
966 948 1062 1013 terris
1077 963 1146 1012 non
1160 945 1293 1024 cedant,
1306 950 1338 1010 et

508 1055 624 1122 quere.

472 1134 606 1206 Genera
616 1133 797 1218 fulgurum,
812 1137 846 1197 et
858 1129 1032 1196 miracula.

474 1237 615 1303 Etrusca
629 1233 820 1302 observatio
834 1233 871 1298 in
884 1232 950 1312 bis,
964 1237 999 1298 et
1013 1231 1209 1300 Romana¹⁴

471 1337 525 1404 Do
539 1335 732 1402 fulminibus
745 1331 940 1402 evocandis.

470 1436 644 1506 Gatboliea
656 1436 829 1520 fulgurum.

472 1536 563 1618 Quen
577 1555 748 1619 nunquam
760 1537 929 1602 beantur.

472 1638 576 1704 Lacte
599 1636 740 1719 pluisse,
764 1636 935 1720 sunguine,
951 1653 1063 1713 arne,
1079 1633 1178 1712 terro,
1192 1633 1279 1710 lanu,
1291 1633 1340 1698 lu·

515 1736 641 1802 teribus
654 1736 772 1802 coetis.

472 1835 651 1902 Armorum
673 1837 844 1922 crepitum,
866 1843 900 1905 et
924 1838 1014 1904 tubm
1036 1837 1182 1903 sonitum
1198 1833 1241 1900 de
1255 1833 1341 1903 eoelo

514 1937 677 2003 anditum.

329 2079 339 2099 .
475 2038 531 2105 De
555 2037 726 2121 lapidibus
752 2036 840 2104 onelo
869 2035 1072 2104 cadentibus.
1123 2033 1343 2119 Anaxagorae

516 2136 560 2202 de
575 2137 641 2203 bis.

476 2237 588 2304 Arous
606 2234 767 2304 eoelestis.

477 2337 608 2405 Natura
624 2335 805 2420 grandinis,
818 2330 916 2412 nivis,
931 2334 1067 2420 pruinae,
1079 2335 1226 2416 nebulae,
1239 2337 1343 2404 roris:

512 2439 647 2506 nubium
662 2433 859 2516 imagineass

478 2537 708 2627 Proprietates
722 2535 806 2606 coeli
820 2534 856 2600 in
869 2533 966 2602 iocis.

478 2637 610 2706 Natura
619 2643 726 2705 terrm.

479 2740 533 2805 De
548 2739 654 2805 lorma
670 2739 756 2822 ejus.

475 2838 531 2905 An
545 2841 612 2906 siut
626 2837 827 2928 Antipodes.
947 2865 950 2873 ·

476 2941 657 3020 Quomodo
670 2960 759 3026 aqua
773 2947 870 3006 terroe
883 2941 1017 3006 innexa.
1063 2941 1118 3006 De
1134 2942 1345 3026 navigatione

514 3043 616 3109 maris
631 3049 664 3108 et
677 3040 890 3108 ilnminnm.¹⁶
997 3097 1000 3108 .

474 3139 530 3204 An
544 3140 768 3207 circumdatus
782 3149 880 3208 terrae
897 3141 1065 3208 Oceanus.

478 3243 565 3321 Quae
580 3243 688 3330 portio
702 3249 797 3310 terrm
810 3244 989 3310 habitetur.

478 3341 626 3408 Modiam
640 3361 715 3408 esse
730 3343 844 3410 muudi
861 3352 996 3410 terram.

478 3444 531 3509 De
545 3443 743 3527 obliquitate
759 3443 937 3511 zonarum.

480 3539 533 3607 De
547 3543 777 3628 inaequalitate
792 3545 974 3610 climatum.

480 3642 550 3707 Ubi
565 3645 710 3728 eclipses
725 3664 791 3710 non
804 3656 1001 3732 appareant,
1016 3654 1052 3713 et
1066 3668 1177 3733 quare.

714 3857 892 3882 ‘mmm‘

261 4073 457 4148 obfmadoatlaa
473 4045 533 4122 edd.
545 4078 609 4126 nott.
643 4075 684 4125 De
699 4076 858 4128 ommam
870 4077 1011 4128 Mum
1027 4077 1085 4128 ond.
1103 4077 1262 4132 Delam-it
1282 4082 1350 4136 liar-

261 4135 334 4184 dutn.
344 4141 366 4185 l.
377 4141 402 4190 8.
413 4141 437 4190 ⁸.
447 4143 475 4186 at
493 4137 598 4200 llipnut.
612 4140 674 4190 toria
690 4141 797 4194 sabim
814 4142 877 4205 liep.
889 4142 963 4194 Brot.
975 4147 998 4192 t.
1018 4143 1095 4194 mnis:
1111 4143 1207 4194 noan
1225 4145 1349 4210 tugiam.

262 4203 326 4249 —1n
343 4201 382 4252 De
393 4201 543 4268 migetiana
553 4203 626 4254 noris
637 4208 661 4256 et
671 4204 800 4272 Mam
809 4205 905 4260 dmnut
916 4208 943 4258 in
953 4206 1083 4260 Harduln.
1095 4211 1118 4261 l.
1129 4211 1155 4260 l.
1166 4213 1192 4262 ⁸-
1201 4216 1231 4264 et
1243 4209 1350 4277 Bipont.

259 4009 381 4072 laedon,
391 4013 414 4060 et
424 4021 497 4072 paone
516 4009 557 4070 isc.
590 4007 717 4063 Hardnlu.
728 4015 751 4064 l.
762 4017 786 4062 2.
798 4017 822 4064 8.
833 4021 861 4065 et
873 4013 978 4078 lilpont.
990 4011 1042 4066 vid.
1059 4027 1136 4078 sopra
1148 4028 1174 4066 n.
1186 4019 1293 4069 tib-lt
1310 4019 1349 4074 o.
