3006 4874
229 360 292 428 124
567 374 613 422 nn
636 377 668 420 u.
692 373 809 422 rnrrrrr
836 373 975 422 narare

229 535 334 602 nuper
348 518 512 582 inventam
524 515 654 584 Plinius
670 517 803 595 dixerit,
813 517 926 582 eodem
935 515 1084 601 principe
1096 516 1231 586 Nerone
1243 517 1315 586 Na·

229 617 370 684 tnralem
384 617 568 682 Historiam
584 623 724 682 texente.
769 619 843 684 Nec
856 637 909 682 ma
923 617 1015 694 latet,
1032 617 1160 696 Patres,
1176 619 1256 702 qnid
1272 621 1316 686 ad

228 719 293 784 hoc
307 718 453 784 fautores
468 717 681 784 Dioscoridis
704 718 772 782 sint
785 718 987 802 responsuri,
1002 717 1170 784 Matthioli
1181 729 1216 784 at
1230 721 1316 788 alio·

229 839 300 884 rum
315 819 543 884 nonnullorum
559 819 714 902 opinione
729 817 813 884 hanc
831 818 1013 885 Historiam
1036 819 1176 885 Iberidis
1197 822 1232 885 in
1251 823 1314 888 Di·

228 922 381 987 oscoride
403 921 584 1000 abundare,
599 923 642 986 ab
657 922 810 1004 imperito
826 921 879 985 rel
896 923 1069 986 temerario
1081 923 1197 1006 aliquo
1212 925 1316 990 inser·

103 1039 105 1044 ’
230 1031 310 1100 ιιιιι,
319 1022 377 1106 qni
392 1021 523 1104 ignarus
538 1021 662 1086 ordinis
672 1041 745 1088 eum
756 1023 841 1086 inter
855 1011 987 1088 arbores
1001 1022 1085 1088 libro
1100 1025 1204 1106 primo
1213 1023 1316 1090 collo-

228 1122 365 1200 caverit,
381 1141 456 1186 cum
470 1123 570 1187 herba
590 1123 643 1201 sit,
658 1127 691 1186 et
710 1123 795 1188 inter
816 1140 910 1188 acres
927 1123 1041 1206 potius
1059 1123 1143 1190 libro
1164 1125 1315 1190 secundo

228 1224 420 1290 referenda:
443 1224 666 1309 acccdereqne
682 1224 773 1308 qnod
790 1224 922 1308 Lepidii
939 1223 1024 1290 libro
1039 1226 1185 1292 secundo
1202 1230 1315 1298 menri·

229 1326 313 1390 uerit
325 1326 411 1392 iuter
424 1345 496 1403 eas,
508 1344 593 1407 quas
609 1326 767 1404 diximus,
783 1343 876 1394 acres
890 1325 1034 1410 plantas,
1043 1327 1132 1410 quod
1145 1325 1268 1392 Galerii
1282 1333 1316 1392 et

229 1424 330 1492 Pauli
347 1427 510 1510 AEginetae
525 1447 598 1492 curn
619 1429 753 1494 Iberide
770 1429 857 1494 idem
879 1435 941 1506 est,
956 1429 1052 1514 cujus
1071 1428 1199 1496 idcirco
1211 1429 1314 1496 histo·

228 1527 279 1592 ria
298 1527 431 1594 silentio
451 1529 611 1612 praeteriri
626 1529 753 1607 debuit,
769 1547 847 1596 cnm
862 1549 903 1594 ea
922 1531 1090 1613 posterius
1105 1531 1167 1594 snb
1182 1531 1313 1596 nornine

230 1627 364 1712 Lepidii
378 1629 545 1696 tradetur:
569 1631 753 1714 quinetiam
768 1630 944 1715 lepidium
959 1629 1169 1696 ‘herbulam’
1180 1650 1202 1696 a
1212 1631 1315 1696 Dios·

228 1728 343 1796 coride
358 1731 533 1814 appellari,
542 1734 606 1799 hoc
621 1740 684 1811 est,
698 1732 928 1799 minutissimis
936 1731 1026 1798 foliis
1035 1731 1222 1815 praeditam,
1232 1751 1315 1816 qna·

228 1830 294 1896 lem
308 1849 385 1894 esse
400 1831 565 1898 Iberidem
583 1833 796 1898 Democrates
811 1833 951 1900 censuit.
984 1831 1189 1900 Adversatnr
1203 1840 1314 1900 tamen

229 1930 497 1998 Bartholomaeus
525 1933 682 2000 Maranta
712 1941 908 2016 argumento
935 1933 1057 2000 Arabis
1085 1935 1158 1998 sive
1185 1935 1312 2016 Drabe,

229 2051 329 2114 qnam
344 2034 562 2100 Dioscorides
577 2035 711 2120 Lepidii
723 2037 805 2102 solio
821 2043 975 2104 constare
991 2037 1124 2102 scribit:
1153 2036 1314 2102 Matthia·

227 2134 280 2200 ins
299 2153 376 2198 vero
391 2135 462 2198 lato
480 2136 575 2214 tolio,
590 2157 651 2202 nec
667 2137 839 2202 dissimilis
862 2137 1007 2202 Lentino
1021 2136 1208 2220 proposuit,
1223 2137 1313 2219 qnod

227 2235 407 2317 plnrimnm
428 2235 536 2302 differt
559 2257 581 2302 ιι
594 2238 678 2304 solio
703 2238 882 2316 Nastnrtii,
902 2238 957 2304 cni
978 2237 1120 2304 similem
1143 2239 1313 2306 Iberidem

227 2335 309 2401 sono
336 2336 555 2403 Dioscorides
582 2339 675 2405 iecit.
720 2339 922 2424 Respondet
949 2338 1150 2406 Matthioius
1175 2341 1313 2406 eandem

228 2436 345 2504 Drabe
366 2440 528 2504 rationem
551 2459 640 2518 csse,
665 2460 741 2523 quae
760 2440 903 2506 Iberidis
926 2442 962 2506 in
983 2441 1196 2520 Dioscoride,
1216 2449 1254 2508 ιιι
1268 2444 1312 2508 ab

228 2539 296 2604 elio
314 2542 513 2621 accesserit;
546 2543 694 2624 qnando,
709 2544 767 2626 qni
787 2563 832 2608 ex
846 2541 979 2610 Graecis
998 2562 1071 2608 eam
1085 2545 1313 2622 nominaverit,

226 2641 337 2704 nnllns
357 2643 555 2718 inveniatur,
577 2663 642 2708 uon
657 2645 821 2724 Galenus,
837 2644 1024 2722 Oribasius,
1039 2644 1172 2723 Aetius,
1187 2645 1313 2710 Paulus

229 2741 397 2823 AEgineta,
420 2748 477 2806 ant
496 2744 582 2808 alins
604 2747 800 2828 qnisquam:
832 2765 876 2810 ex
891 2743 1061 2810 Arabibns
1080 2745 1155 2829 ejus
1169 2747 1314 2812 meminit

228 2842 369 2924 Serapio
383 2845 447 2907 snb
467 2844 638 2910 orientalis
653 2844 819 2910 Nastnrtii
833 2846 973 2923 nomine,
986 2846 1138 2928 protinus
1152 2848 1195 2911 ab
1208 2847 1314 2912 histo·

227 2943 279 3005 ria
302 2942 471 3027 'Phlaspia
494 2945 583 3009 sicut
607 2946 640 3010 in
664 2946 864 3013 Dioscorida
886 2946 1017 3030 legitur.
1059 2945 1132 3028 Ego
1156 2942 1312 3030 quod'ed

228 3041 342 3106 Drabe
355 3043 534 3110 falsitatem
547 3047 692 3128 pertinet
703 3047 1072 3115 Matthioliscntentiam
1083 3050 1199 3131 probo,
1210 3067 1314 3132 qnan-

228 3161 329 3224 qnam
343 3145 488 3210 intentus
502 3146 684 3230 impensius
701 3148 855 3216 Marante
873 3149 1020 3216 feriendo
1043 3149 1161 3216 eodem
1183 3150 1254 3216 inin
1276 3169 1312 3214 se

227 3242 423 3328 dixeritque
434 3246 661 3313 adversarium
672 3251 848 3317 transfixit.
871 3252 909 3318 Si
920 3252 1009 3318 enim
1021 3251 1197 3335 Lepidium
1210 3250 1313 3316 Dios·

227 3345 352 3410 coridis
366 3346 448 3413 solio
465 3347 631 3415 Nastnrtii
653 3371 756 3436 qnam
776 3353 946 3418 simillimo
966 3354 1180 3435 consaepiri
1200 3359 1313 3436 potest

227 3445 312 3523 deri,
326 3453 363 3512 ut
379 3448 456 3514 huic
473 3451 593 3516 similis
607 3451 690 3517 tolio
705 3454 818 3519 Drabe
832 3475 873 3520 ea
883 3456 939 3532 sit,
954 3455 1049 3539 enjus
1063 3453 1201 3536 effigiem
1213 3455 1310 3539 nobis

228 3545 429 3612 Matthiolns
440 3552 584 3632 praebuit
594 3553 674 3618 tolia
687 3553 790 3620 Lauri
798 3555 990 3620 referentem
1002 3576 1011 3636 ;
1027 3556 1122 3639 quisi
1135 3555 1311 3639 multiplici

228 3647 364 3730 Lepidii
386 3649 626 3730 significatione
648 3671 686 3718 se
705 3661 857 3733 excuset,
873 3654 961 3738 qnod
982 3653 1108 3738 plantae
1126 3672 1191 3718 non
1212 3653 1311 3722 modo

227 3748 312 3813 folia
328 3747 493 3814 Nastnrtii
507 3751 652 3830 habenti,
666 3774 777 3820 rernm
793 3756 896 3838 etiam
916 3757 1017 3822 Lauri
1037 3775 1139 3840 penes
1155 3755 1311 3834 Plinium,

227 3867 327 3934 quem
355 3851 389 3914 in
412 3849 476 3916 hoc
505 3853 632 3936 [epidii
654 3855 842 3940 significatu
869 3859 915 3922 sit
938 3864 1084 3936 secutus,
1104 3855 1212 3920 simila
1234 3875 1310 3922 esso

227 3950 400 4030 scribatur,
416 3953 559 4020 descivit
573 3975 594 4020 a
609 3956 817 4038 Dioscorida,
831 3959 929 4042 cujus
948 3959 982 4024 in
1000 3977 1098 4041 opera
1111 3957 1226 4024 Drabe
1245 3959 1311 4027 Lo-

228 4049 312 4133 pidii
321 4053 415 4131 t‘olio,
426 4053 491 4122 hoo
504 4068 568 4136 est,
584 4057 764 4139 Nastnrtii,
773 4061 1089 4145 descriptalegitur;
1099 4079 1164 4126 nec
1178 4067 1310 4129 secutus

227 4155 279 4216 est
305 4151 528 4238 Serapionem,
550 4157 608 4240 qui
629 4160 720 4226 solus
739 4162 812 4246 ejus
834 4162 1019 4262 meminerit
1036 4180 1079 4228 ex
1106 4162 1309 4231 Dioscorida
