3006 4874
257 361 301 426 82
594 371 642 418 ns
666 371 698 418 c.
721 367 840 416 eursu
865 365 1004 416 rursm

258 518 379 598 innotis
402 512 673 588 illustrissimum,
698 529 865 593 augurem,
887 509 981 574 tacta
1006 529 1050 574 ex
1076 509 1188 574 Plinio
1203 508 1226 574 J
1229 509 1342 575 uniore

260 622 464 704 conjectura,
475 633 541 679 uon
552 613 715 677 extitisse.
736 610 871 695 Quippe
885 612 971 675 libro
981 611 1212 695 Epistolamm
1227 619 1344 695 quarto

258 723 357 788 Arrio
372 718 436 784 sihi
453 719 494 782 de
519 723 684 798 auguratu
710 731 771 796 per
792 714 907 778 literas
931 732 973 777 eo
1001 715 1145 778 maxime
1171 713 1344 794 gratulata,

260 822 350 908 quod
365 820 482 885 Cicero
500 834 632 901 quoque
645 815 765 880 fuisset
778 832 893 896 augur,
915 814 1103 898 respondet,
1118 833 1195 878 cum
1209 815 1273 878 hoo
1287 832 1345 876 no·

259 925 348 992 mine
363 922 430 988 sibi
445 939 557 985 carum
574 924 774 999 auguratum
797 934 895 992 esse;
918 921 989 979 tum
1004 933 1046 978 eo
1063 915 1153 998 quod
1167 915 1239 979 viro
1255 915 1345 996 prin-

259 1027 328 1109 cipi
357 1023 449 1089 Julio
479 1019 638 1084 Frontino
664 1016 897 1080 successisset.
942 1015 1035 1080 Nihil
1060 1016 1212 1078 meminit
1226 1012 1344 1078 Arrius

258 1119 358 1191 Plinii
372 1122 530 1197 Senioris,
543 1119 627 1184 nihil
642 1117 775 1182 Plinius
795 1117 818 1183 J
820 1118 928 1193 unior,
942 1134 1084 1198 quorum
1098 1123 1157 1181 aut
1170 1116 1276 1192 illum,
1287 1114 1344 1179 ci.-

259 1245 376 1292 cerone
394 1224 586 1309 proposito,
611 1228 739 1303 patrem
761 1227 796 1284 et
818 1218 1019 1283 avunculum
1042 1217 1146 1282 luisse
1165 1220 1344 1300 praeteritu-

258 1347 330 1392 rum
347 1325 606 1390 verisimilenon
620 1326 681 1399 est,
694 1327 753 1386 aut
768 1321 855 1385 hunc
867 1320 1062 1402 exemplum
1073 1325 1252 1396 externum,
1269 1339 1344 1383 oum

257 1432 395 1496 haberet
409 1425 639 1502 domesticum,
650 1423 753 1487 luisse
762 1421 1107 1500 commemoraturum,
1119 1422 1178 1505 qui
1188 1423 1345 1486 avunculi

258 1530 452 1597 mennonium
470 1531 584 1592 sancte
604 1524 693 1588 adeo,
708 1544 749 1589 ao
772 1525 924 1608 religiose
939 1524 1055 1602 coluit,
1071 1531 1172 1607 atquc
1186 1523 1345 1587 observa·

259 1635 318 1710 vit,
332 1640 370 1698 ut
378 1628 536 1714 Capitoni
549 1646 587 1692 se
598 1625 641 1690 ad
654 1626 813 1691 historias
829 1625 1087 1696 conscribendas
1100 1625 1256 1700 hortanti,
1268 1641 1343 1686 cum

258 1736 431 1798 innumera
453 1748 559 1814 prope
577 1729 625 1792 illi
649 1729 804 1813 exempla
826 1748 891 1792 non
906 1729 1070 1803 deessent,
1087 1727 1206 1808 quibus
1221 1723 1263 1788 ad
1279 1723 1346 1787 hoo

259 1852 362 1915 geum
388 1831 490 1898 studii
514 1849 550 1894 se
571 1829 746 1897 incitatum
765 1830 983 1914 profiteretur,
998 1847 1065 1892 uno
1080 1823 1185 1893 Plinii.
1195 1825 1344 1890 Senioris

259 1933 415 2017 exemplo
428 1937 610 2008 contentus,
624 1929 710 1994 libro
726 1929 950 2014 Epistularum
966 1930 1096 2012 quinto,
1116 1927 1151 1989 iu
1172 1945 1259 2004 eum,
1285 1925 1344 2008 qui

258 2035 419 2117 sequitur,
434 2032 569 2096 modurn
583 2030 778 2113 respondit:
803 2029 884 2094 ‘Me
896 2049 973 2094 vero
988 2029 1030 2093 ad
1046 2030 1110 2093 hoc
1125 2027 1269 2092 studium
1283 2026 1346 2089 inr-

258 2133 352 2216 pellit
377 2133 599 2197 domesticum
618 2149 752 2214 quoque
773 2130 976 2214 exemplum.
1020 2128 1217 2194 Avunculus
1237 2143 1345 2204 meus,

256 2233 416 2317 idemque
431 2252 490 2317 per
503 2232 719 2316 adoptionem
735 2238 842 2315 pater,
864 2231 1038 2308 historias,
1059 2236 1091 2294 et
1113 2228 1250 2315 quidem
1270 2227 1346 2291 reli-

259 2334 460 2415 giosissime,
476 2334 625 2416 scripsit.
669 2334 807 2398 Invenio
822 2341 935 2396 autem
948 2331 1039 2415 apud
1050 2331 1217 2414 sapientes
1230 2330 1347 2393 hones·

258 2435 424 2500 tissimum
437 2453 513 2499 esse
527 2435 688 2518 majorum
702 2433 848 2514 vestigia
870 2433 977 2516 sequi,
1004 2433 1032 2495 si
1056 2433 1156 2497 modo
1178 2432 1346 2510 rectodti·

257 2556 332 2600 nere
353 2533 608 2620 praecesserint?
651 2533 717 2598 Sed
731 2553 773 2598 ue
785 2533 866 2598 illud
882 2552 1014 2616 quoque
1032 2532 1213 2606 omiserim,
1228 2539 1346 2596 uotam

260 2651 343 2701 nvo.
364 2634 501 2718 perinde
525 2653 566 2699 ac
588 2632 746 2716 ‘Augur’
768 2634 901 2698 omuino
923 2633 1166 2715 significantem
1191 2632 1346 2697 adversa-

259 2855 346 2914 sere,
359 2836 562 2914 testimonio,
578 2844 618 2900 ut
641 2834 797 2919 ‘Augur'
818 2855 1062 2920 nonnunquam,
1082 2836 1132 2900 sic
1151 2836 1236 2900 alias
1255 2834 1346 2899 ‘Au-

260 2936 395 3017 gustus’
409 2938 461 3002 vel
476 2935 716 3019 ‘Augustalis’
737 2956 778 3001 ea
800 2931 975 3020 significet,
999 2955 1067 3020 quo
1092 2934 1140 3012 fit,
1163 2935 1193 2999 si
1209 2934 1346 3002 fideliter

259 3033 445 3100 Panvinius
458 3035 673 3118 Epigramma
686 3037 806 3116 retulit,
821 3044 857 3102 ut
870 3057 947 3102 cum
963 3037 1049 3101 inter
1062 3055 1245 3119 cognomen
1265 3036 1346 3101 ‘Se-

260 3134 411 3214 cundus’
432 3141 464 3201 et
486 3141 599 3200 notam
615 3153 705 3201 nuc.
720 3138 837 3202 neseio
851 3137 932 3220 quid
948 3141 1098 3201 uetustas
1113 3137 1279 3202 delevisse
1296 3139 1346 3203 vi-

260 3234 389 3314 deatur,
406 3235 492 3300 sorte
509 3252 593 3300 1—1.
610 3252 676 3300 viu
692 3255 759 3300 uon
772 3238 803 3300 is
818 3239 932 3322 potius
958 3234 1121 3320 ‘Augur'
1142 3256 1243 3321 quam
1266 3242 1276 3272 ‘
1296 3254 1345 3303 vr.

258 3333 322 3399 Vir
342 3333 561 3419 Augustalis'
582 3337 687 3402 luisse
709 3338 829 3402 debeat
849 3338 1058 3403 existimari:
1079 3335 1172 3402 Volo
1188 3357 1267 3403 vero
1283 3357 1346 3403 no-

258 3443 330 3500 tam
354 3454 440 3502 avc.
462 3438 673 3522 ‘Augurem'
693 3440 755 3503 hoc
784 3438 862 3502 loco
878 3439 1087 3520 significare,
1111 3446 1146 3504 et
1174 3437 1346 3524 Augurem

258 3537 366 3602 fuisse
380 3538 526 3604 Plinium
541 3539 732 3622 Seniorem3
754 3538 847 3622 quid,
866 3545 981 3604 contra
1001 3559 1100 3624 quam
1115 3540 1206 3606 illius
1226 3542 1347 3606 saeculi

259 3638 466 3703 consuetudo
480 3638 618 3716 terebat,
638 3640 723 3721 gesti
738 3641 782 3703 ab
797 3658 839 3704 eo
854 3659 985 3705 summa
1006 3661 1081 3705 cum
1103 3640 1203 3705 laude
1225 3643 1347 3723 magis-

258 3743 363 3802 tratus
375 3738 410 3801 in
423 3738 641 3822 inscriptione
658 3739 894 3804 ‘Testamento
909 3741 997 3805 Fieri
1008 3740 1031 3806 J
1033 3742 1135 3819 ussass
1147 3742 1345 3807 reticenturi

259 3837 352 3918 Quid
376 3839 496 3904 classis
520 3841 686 3923 praetorias
701 3841 899 3906 Misenensis
915 3860 990 3906 oum
1004 3842 1144 3925 imperio
1159 3843 1346 3908 castissime

260 3940 493 4020 administrata
506 3941 637 4006 silentio
649 3943 815 4025 praeterita
826 3942 902 4005 esti
925 3940 1025 4025 cujus
1041 3942 1096 4008 vel
1115 3943 1150 4006 in
1165 3943 1346 4028 ipsislsdh-

258 4042 554 4124 prefectis-immo
569 4059 649 4106 vero
662 4042 801 4125 privatis
815 4041 992 4122 militibus,
1006 4043 1139 4109 honoris
1158 4064 1235 4127 ergo
1252 4063 1345 4108 men-

259 4143 361 4207 tionis
383 4142 482 4210 iactae
501 4145 534 4208 in
558 4143 702 4227 antiquis
725 4145 948 4210 monumentis
971 4145 1039 4211 tale
1064 4145 1187 4215 Roma
1200 4151 1293 4212 extat
1308 4143 1345 4209 in

259 4242 364 4307 hortis
377 4241 604 4330 Carpensibns
616 4245 829 4329 exemplum:
