3006 4874
468 395 602 444 coorto
626 395 666 444 rr.
692 394 806 448 rrum
830 398 1015 450 creamur.
1209 391 1273 458 tae

187 537 331 620 Augusti
350 538 485 621 imperii
497 559 582 606 anuo
597 548 759 620 extremo,
780 563 824 610 ex
840 545 1001 613 Suetonio
1016 549 1051 612 in
1067 548 1218 633 Caligula
1237 556 1271 618 iu

187 637 290 716 initio,
306 659 393 723 quos
418 640 600 724 imperante
620 643 758 710 Tiberio
780 646 971 726 debellavit,
987 658 1097 716 sumto
1120 652 1162 717 de
1176 654 1272 719 clade

187 738 335 804 Variana
364 741 545 824 supplicio,
571 750 605 809 et
626 747 728 828 siguis
752 739 953 814 militaribus
979 753 1133 834 receptis,
1161 754 1271 819 Dione

186 838 271 903 libro
294 839 384 904 Hist.
401 857 491 907 uvrr.
513 850 660 910 auctore.
705 845 838 925 Quibus
856 850 896 913 fit
914 857 953 913 ut
976 851 1017 915 de
1039 851 1173 919 Medica
1196 855 1273 920 Ma-

186 939 269 1004 teria
294 959 360 1004 nou
375 941 475 1007 citius
489 945 705 1010 Dioscorides
720 945 843 1012 ultimis
863 949 988 1015 'liberii
1011 954 1107 1017 anuis
1130 955 1271 1020 scribere

187 1042 346 1122 potuerit,
361 1062 436 1107 cum
452 1046 586 1110 iuventa
601 1046 796 1113 Britannica
812 1049 858 1114 sit
879 1070 945 1115 uon
960 1054 1073 1119 nisi·in
1088 1056 1184 1119 initio
1196 1057 1271 1138 ejus

186 1141 413 1226 principatns;
427 1147 549 1228 quibus
564 1151 746 1214 comannis
759 1165 857 1216 xum.
886 1151 1031 1236 Augusti
1046 1155 1152 1220 solius
1168 1156 1272 1225 domi·

185 1243 306 1321 nantis,
332 1252 371 1307 ut
396 1245 555 1311 Suetonio
579 1248 686 1313 risum
701 1258 765 1327 est,
785 1251 840 1315 vel
856 1267 962 1316 xerv.
979 1260 1017 1317 ut
1042 1254 1147 1319 Dioni
1169 1264 1271 1338 atque

185 1343 261 1407 aliis
284 1345 409 1426 placet,
432 1348 508 1412 anni
530 1368 637 1432 prope
660 1367 799 1417 uxvrrr.
826 1358 908 1436 quot
932 1354 1037 1418 additi
1056 1354 1185 1420 florenti
1207 1358 1270 1420 sub

184 1440 333 1510 Antonio
354 1456 389 1512 et
409 1447 591 1532 Cleopatra
613 1452 817 1530 Dioscoridi,
833 1453 882 1532 fit,
898 1462 935 1519 ut
956 1457 985 1518 is
1009 1473 1113 1520 anuos
1134 1464 1269 1521 centurn

164 1593 168 1600 -
184 1548 259 1630 ptus
274 1549 383 1612 minus
405 1556 504 1614 natus
527 1551 670 1635 quinque
685 1553 727 1617 de
755 1553 899 1618 Materia
914 1553 1051 1620 Medica
1065 1555 1167 1621 libros
1190 1576 1271 1622 cou-

185 1649 368 1731 scripserit3
379 1650 469 1733 quod
481 1651 561 1716 mihi
573 1654 736 1731 eratione,
746 1661 806 1718 aut
816 1661 905 1719 certe
913 1655 1199 1720 verisimilitudine
1211 1659 1271 1723 ati·

184 1767 281 1814 enum
295 1757 419 1816 stesso
433 1751 577 1830 videtur,
589 1758 622 1818 et
635 1753 713 1819 aliis
728 1773 862 1838 quoque
873 1755 983 1820 risum
997 1757 1038 1820 iri
1050 1757 1192 1835 confido,
1210 1760 1269 1823 ubi

185 1869 298 1916 secum
324 1852 388 1935 ipsi
415 1854 599 1936 prasertim
623 1858 854 1938 reputaverint,
883 1857 954 1940 ejus
978 1860 1121 1924 amicum
1136 1857 1269 1924 Arrium

183 1951 434 2037 philosophum,
447 1953 600 2037 Augusto
616 1955 699 2021 adeo
716 1963 856 2039 gratum,
872 1958 981 2039 ipsum
992 1975 1129 2042 qnoque
1145 1965 1269 2024 tautam

185 2060 318 2120 aetatem
334 2057 461 2121 vixisse
483 2065 648 2138 oportere,
670 2058 713 2123 ad
739 2077 837 2142 quern
852 2059 1043 2138 scribebat3
1064 2061 1166 2123 immo
1191 2079 1268 2125 vero

184 2162 263 2220 natu
289 2158 450 2240 maiorem
473 2157 685 2235 Dioscorida,
709 2160 807 2222 etiam
829 2159 1011 2240 longIorem
1034 2158 1199 2240 siquidem
1214 2180 1268 2237 eo,

186 2264 224 2322 ut
238 2255 309 2322 Dio
323 2257 409 2324 libro
425 2257 521 2322 Hist.
538 2275 586 2321 m.
602 2263 751 2337 testatur,
766 2262 975 2342 preceptore
991 2257 1165 2340 Augustus
1188 2277 1269 2324 usus

185 2359 245 2434 est,
260 2357 313 2422 vet
327 2364 397 2422 tum
411 2377 527 2436 annos,
542 2364 582 2421 ut
595 2378 657 2441 par
671 2363 733 2435 est,
745 2374 873 2422 xxxv.
895 2360 1069 2422 autetiam
1081 2374 1147 2421 xe.
1162 2359 1269 2442 prius-

184 2475 283 2540 quam
298 2459 321 2524 J
324 2460 368 2524 ui.
384 2460 501 2526 Gaeser
516 2467 656 2525 mortem
678 2460 861 2544 oppetierit,
876 2465 1006 2542 agente,
1028 2461 1151 2542 quibus
1173 2480 1270 2526 aoce-

183 2559 338 2624 deutibns
368 2562 464 2625 annis
494 2560 634 2626 Antonii
664 2561 794 2644 imperii
816 2561 1080 2644 quatuordecim,
1103 2568 1139 2626 et
1161 2577 1268 2626 xciv.

182 2659 329 2744 Augusti
352 2664 395 2727 ab
409 2664 501 2728 obitu
521 2662 659 2728 Antonii
678 2661 893 2745 principetur,
914 2680 1043 2726 necnon
1068 2661 1194 2728 Tiberii
1218 2663 1269 2727 vi·

183 2762 274 2842 giuti,
288 2783 403 2829 omnes
419 2771 512 2828 eruut
525 2765 602 2828 anni
622 2767 803 2828 extruant
818 2777 922 2826 cvrrr.
937 2781 1013 2825 enm
1025 2762 1058 2826 ei
1073 2779 1167 2827 suum
1181 2780 1268 2845 opus

183 2862 401 2929 Dioscorides
411 2864 556 2928 addixit.
565 2863 632 2928 Sed
642 2863 807 2939 cumhaeo,
816 2881 892 2944 quae
901 2862 1063 2925 hactenus
1071 2871 1268 2945 prosecutus

183 2981 269 3040 suro,
291 2963 536 3041 Dioscoridem,
552 2963 651 3048 cujus
669 2963 772 3027 libros
794 2961 836 3025 de
860 2960 1007 3025 Materte
1031 2961 1168 3028 Medica
1188 2965 1269 3029 tanti

183 3063 303 3129 medici
314 3065 452 3143 faciunt,
463 3085 536 3130 enm
547 3084 613 3130 uon
625 3083 712 3143 esse,
726 3063 787 3145 qui
798 3063 861 3126 sut>
870 3059 1021 3125 Antonio
1031 3068 1063 3126 et
1072 3061 1268 3146 Cleopatra,

185 3165 366 3231 secundnm
375 3166 661 3243 Suidam,dornit,
672 3161 1137 3248 apertissimcdemonstrent3
1158 3170 1268 3230 tamen

184 3265 220 3328 id
239 3266 336 3350 longe
349 3269 559 3334 manifestius
574 3268 700 3331 fuciunt
716 3265 919 3347 conjecturae
933 3266 978 3329 ab
993 3264 1123 3329 lberide
1135 3264 1268 3331 desum·

181 3373 237 3443 tte,
259 3369 358 3451 cnjus
373 3369 557 3434 Historiam
580 3368 716 3432 verbum
737 3365 779 3428 de
800 3365 901 3428 verbo
922 3382 968 3428 ex
987 3363 1184 3429 Democrate
1209 3366 1267 3430 de·

182 3471 340 3554 scriptam
356 3471 391 3534 iu
408 3467 607 3535 Dioscorida
620 3469 771 3550 logimm,
787 3485 886 3550 quem
899 3473 934 3530 et
946 3465 1089 3529 nominis
1104 3473 1140 3531 et
1153 3468 1267 3533 inven-

182 3575 283 3640 tionis
291 3579 461 3638 auctorem
471 3573 597 3638 faciunt
605 3573 822 3655 Archigenes,
832 3569 1029 3654 Nygiernus
1039 3569 1268 3654 Hipparchus,

182 3673 323 3750 Plinius,
338 3674 502 3753 Galenus,
513 3683 548 3740 et
562 3675 691 3741 Paulus
703 3675 868 3757 AEginetu.
914 3671 1071 3755 Namque
1086 3672 1268 3738 Democra-

181 3785 232 3845 tes
245 3777 482 3843 Andromacho
494 3778 624 3843 seniore
640 3777 788 3842 Neronis
798 3775 961 3859 principis
973 3775 1068 3840 illius
1078 3775 1266 3857 impurissi-

180 3882 226 3944 mi
241 3879 374 3946 medico
384 3879 497 3962 junior
511 3879 634 3944 extitit.
657 3878 867 3959 Quapropter
877 3875 919 3939 de
932 3875 1060 3939 Iberide
1077 3893 1179 3955 agens
1195 3873 1266 3940 Pu.

179 3984 275 4048 uins:
290 3979 465 4056 ‘Invenit,'
480 3981 597 4063 inquit,
612 3984 740 4062 ‘nuper
748 3985 782 4042 et
792 3997 893 4060 quam
909 3975 1073 4040 Iberidem
1084 3975 1265 4041 Democra-

180 4091 232 4150 tes
242 4080 446 4167 appellarit!
468 4079 598 4164 Exque
607 4080 810 4162 intelligitur,
820 4076 1053 4143 Dioscoridem
1063 4074 1264 4143 Democrate

180 4186 405 4269 posteriorem,
420 4183 608 4249 dominante
620 4182 762 4259 Nerone,
774 4180 815 4245 de
831 4177 964 4246 Iberide
975 4175 1156 4261 scripsisse,
1165 4191 1265 4260 quam
