<?xml version="1.0" encoding="UTF-8"?>
<!DOCTYPE html PUBLIC "-//W3C//DTD XHTML 1.0 Transitional//EN"
    "http://www.w3.org/TR/xhtml1/DTD/xhtml1-transitional.dtd">
<html xmlns="http://www.w3.org/1999/xhtml" xml:lang="en" lang="en">
 <head>
  <title>
</title>
<meta http-equiv="Content-Type" content="text/html;charset=utf-8" />
  <meta name='ocr-system' content='tesseract 3.04.00' />
  <meta name='ocr-capabilities' content='ocr_page ocr_carea ocr_par ocr_line ocrx_word'/>
</head>
<body>
  <div class='ocr_page' id='page_1' title='image "./cpliniisecundin09brotgoog_0100.png"; bbox 0 0 3006 4874; ppageno 0'>
   <div class='ocr_carea' id='block_1_1' title="bbox 477 353 1281 424">
    <p class='ocr_par' dir='ltr' id='par_1_1' title="bbox 477 353 1281 424">
     <span class='ocr_line' id='line_1_1' title="bbox 477 353 1281 424; baseline 0.009 -7"><span class='ocrx_word' id='word_1_1' title='bbox 477 368 609 418; x_wconf 72' lang='lat' dir='ltr'><strong>suerro</strong></span> <span class='ocrx_word' id='word_1_2' title='bbox 633 369 659 418; x_wconf 89' lang='lat' dir='ltr'><strong>r.</strong></span> <span class='ocrx_word' id='word_1_3' title='bbox 683 366 796 420; x_wconf 78' lang='lat' dir='ltr'><strong>esunt</strong></span> <span class='ocrx_word' id='word_1_4' title='bbox 821 371 1004 422; x_wconf 76' lang='lat' dir='ltr'><strong>creamur.</strong></span> <span class='ocrx_word' id='word_1_5' title='bbox 1238 353 1281 424; x_wconf 82' lang='grc'><strong>87</strong></span> 
     </span>
    </p>
   </div>
   <div class='ocr_carea' id='block_1_2' title="bbox 178 512 1310 4232">
    <p class='ocr_par' dir='ltr' id='par_1_2' title="bbox 178 512 1310 4232">
     <span class='ocr_line' id='line_1_2' title="bbox 195 512 1281 596; baseline 0.003 -19"><span class='ocrx_word' id='word_1_6' title='bbox 195 513 340 596; x_wconf 83' lang='lat' dir='ltr'><strong>quisque</strong></span> <span class='ocrx_word' id='word_1_7' title='bbox 354 513 577 596; x_wconf 88' lang='lat' dir='ltr'><strong>conjecturam</strong></span> <span class='ocrx_word' id='word_1_8' title='bbox 588 512 698 577; x_wconf 82' lang='lat' dir='ltr'><strong>iacere</strong></span> <span class='ocrx_word' id='word_1_9' title='bbox 712 513 833 595; x_wconf 81' lang='lat' dir='ltr'><strong>possit.</strong></span> <span class='ocrx_word' id='word_1_10' title='bbox 882 513 916 578; x_wconf 92' lang='lat' dir='ltr'>N</span> <span class='ocrx_word' id='word_1_11' title='bbox 917 533 957 580; x_wconf 88' lang='lat' dir='ltr'><strong>ee</strong></span> <span class='ocrx_word' id='word_1_12' title='bbox 971 532 1035 578; x_wconf 91' lang='lat' dir='ltr'><strong>nos</strong></span> <span class='ocrx_word' id='word_1_13' title='bbox 1047 523 1281 582; x_wconf 74' lang='lat' dir='ltr'>commoveant</span> 
     </span>
     <span class='ocr_line' id='line_1_3' title="bbox 196 610 1280 699; baseline 0.006 -23"><span class='ocrx_word' id='word_1_14' title='bbox 196 621 232 677; x_wconf 88' lang='lat' dir='ltr'><strong>et</strong></span> <span class='ocrx_word' id='word_1_15' title='bbox 244 613 404 697; x_wconf 86' lang='lat' dir='ltr'><strong>ancipites</strong></span> <span class='ocrx_word' id='word_1_16' title='bbox 418 615 527 678; x_wconf 88' lang='lat' dir='ltr'><strong>auimo</strong></span> <span class='ocrx_word' id='word_1_17' title='bbox 539 613 687 678; x_wconf 86' lang='lat' dir='ltr'><strong>reddant·</strong></span> <span class='ocrx_word' id='word_1_18' title='bbox 697 612 831 678; x_wconf 74' lang='lat' dir='ltr'><strong>Claudii</strong></span> <span class='ocrx_word' id='word_1_19' title='bbox 847 610 1017 698; x_wconf 79' lang='lat' dir='ltr'><strong>Principis</strong></span> <span class='ocrx_word' id='word_1_20' title='bbox 1030 613 1280 699; x_wconf 82' lang='lat' dir='ltr'><strong>inscriptiones,</strong></span> 
     </span>
     <span class='ocr_line' id='line_1_4' title="bbox 194 713 1280 799; baseline 0.003 -23"><span class='ocrx_word' id='word_1_21' title='bbox 194 715 229 776; x_wconf 91' lang='lat' dir='ltr'><strong>in</strong></span> <span class='ocrx_word' id='word_1_22' title='bbox 256 717 380 799; x_wconf 87' lang='lat' dir='ltr'><strong>quibus</strong></span> <span class='ocrx_word' id='word_1_23' title='bbox 411 715 525 793; x_wconf 85' lang='lat' dir='ltr'>Drusi,</span> <span class='ocrx_word' id='word_1_24' title='bbox 554 716 695 798; x_wconf 87' lang='lat' dir='ltr'><strong>quinon</strong></span> <span class='ocrx_word' id='word_1_25' title='bbox 720 713 906 796; x_wconf 85' lang='lat' dir='ltr'><strong>imperavit,</strong></span> <span class='ocrx_word' id='word_1_26' title='bbox 928 715 1058 779; x_wconf 83' lang='lat' dir='ltr'><strong>‘iilius’</strong></span> <span class='ocrx_word' id='word_1_27' title='bbox 1079 713 1280 782; x_wconf 75' lang='lat' dir='ltr'><strong>nominatur.</strong></span> 
     </span>
     <span class='ocr_line' id='line_1_5' title="bbox 194 811 1280 901; baseline 0.006 -23"><span class='ocrx_word' id='word_1_28' title='bbox 194 811 279 879; x_wconf 87' lang='lat' dir='ltr'><strong>Cum</strong></span> <span class='ocrx_word' id='word_1_29' title='bbox 296 817 384 880; x_wconf 83' lang='lat' dir='ltr'><strong>enirn</strong></span> <span class='ocrx_word' id='word_1_30' title='bbox 399 817 696 901; x_wconf 71' lang='lat' dir='ltr'><strong>lmpammumto</strong></span> <span class='ocrx_word' id='word_1_31' title='bbox 712 836 849 880; x_wconf 90' lang='lat' dir='ltr'><strong>numero</strong></span> <span class='ocrx_word' id='word_1_32' title='bbox 862 836 928 882; x_wconf 90' lang='lat' dir='ltr'><strong>non</strong></span> <span class='ocrx_word' id='word_1_33' title='bbox 943 817 1054 888; x_wconf 85' lang='lat' dir='ltr'><strong>luerit,</strong></span> <span class='ocrx_word' id='word_1_34' title='bbox 1070 835 1115 881; x_wconf 86' lang='lat' dir='ltr'><strong>ex</strong></span> <span class='ocrx_word' id='word_1_35' title='bbox 1131 817 1280 901; x_wconf 89' lang='lat' dir='ltr'><strong>Impera·</strong></span> 
     </span>
     <span class='ocr_line' id='line_1_6' title="bbox 192 916 1279 1001; baseline 0.006 -23"><span class='ocrx_word' id='word_1_36' title='bbox 192 917 318 980; x_wconf 87' lang='lat' dir='ltr'><strong>toribus</strong></span> <span class='ocrx_word' id='word_1_37' title='bbox 329 924 438 982; x_wconf 68' lang='lat' dir='ltr'><strong>umen</strong></span> <span class='ocrx_word' id='word_1_38' title='bbox 453 923 656 1001; x_wconf 86' lang='lat' dir='ltr'><strong>propagatus</strong></span> <span class='ocrx_word' id='word_1_39' title='bbox 669 916 817 998; x_wconf 81' lang='lat' dir='ltr'><strong>Augusti</strong></span> <span class='ocrx_word' id='word_1_40' title='bbox 832 936 952 1001; x_wconf 78' lang='lat' dir='ltr'><strong>nepos,</strong></span> <span class='ocrx_word' id='word_1_41' title='bbox 962 932 966 943; x_wconf 84' lang='lat'><strong>·</strong></span> <span class='ocrx_word' id='word_1_42' title='bbox 975 937 1016 982; x_wconf 89' lang='lat' dir='ltr'><strong>ac</strong></span> <span class='ocrx_word' id='word_1_43' title='bbox 1031 917 1122 996; x_wconf 84' lang='lat' dir='ltr'><strong>lilius</strong></span> <span class='ocrx_word' id='word_1_44' title='bbox 1141 917 1279 996; x_wconf 69' lang='lat' dir='ltr'><strong>&#39;liberii</strong></span> 
     </span>
     <span class='ocr_line' id='line_1_7' title="bbox 192 1013 1280 1101; baseline 0.004 -22"><span class='ocrx_word' id='word_1_45' title='bbox 192 1022 229 1080; x_wconf 92' lang='lat' dir='ltr'><strong>ut</strong></span> <span class='ocrx_word' id='word_1_46' title='bbox 243 1015 333 1081; x_wconf 87' lang='lat' dir='ltr'><strong>lilius</strong></span> <span class='ocrx_word' id='word_1_47' title='bbox 349 1017 512 1083; x_wconf 79' lang='lat' dir='ltr'><strong>Claudius</strong></span> <span class='ocrx_word' id='word_1_48' title='bbox 527 1018 654 1082; x_wconf 85' lang='lat' dir='ltr'><strong>Tiberii</strong></span> <span class='ocrx_word' id='word_1_49' title='bbox 672 1013 795 1100; x_wconf 90' lang='lat' dir='ltr'><strong>nepos,</strong></span> <span class='ocrx_word' id='word_1_50' title='bbox 818 1035 858 1082; x_wconf 90' lang='lat' dir='ltr'><strong>ac</strong></span> <span class='ocrx_word' id='word_1_51' title='bbox 878 1035 1044 1100; x_wconf 86' lang='lat' dir='ltr'><strong>pronepos</strong></span> <span class='ocrx_word' id='word_1_52' title='bbox 1058 1016 1202 1100; x_wconf 80' lang='lat' dir='ltr'><strong>Augusti</strong></span> <span class='ocrx_word' id='word_1_53' title='bbox 1223 1039 1280 1101; x_wconf 87' lang='lat' dir='ltr'><strong>ag·</strong></span> 
     </span>
     <span class='ocr_line' id='line_1_8' title="bbox 193 1110 1280 1202; baseline 0.005 -23"><span class='ocrx_word' id='word_1_54' title='bbox 193 1110 396 1196; x_wconf 77' lang='lat' dir='ltr'><strong>nosceretur,</strong></span> <span class='ocrx_word' id='word_1_55' title='bbox 406 1117 591 1183; x_wconf 86' lang='lat' dir='ltr'><strong>efficiebat:</strong></span> <span class='ocrx_word' id='word_1_56' title='bbox 606 1126 711 1200; x_wconf 85' lang='lat' dir='ltr'><strong>utque</strong></span> <span class='ocrx_word' id='word_1_57' title='bbox 721 1118 897 1202; x_wconf 89' lang='lat' dir='ltr'><strong>imperium</strong></span> <span class='ocrx_word' id='word_1_58' title='bbox 905 1119 1111 1183; x_wconf 85' lang='lat' dir='ltr'><strong>haereditario</strong></span> <span class='ocrx_word' id='word_1_59' title='bbox 1121 1118 1197 1202; x_wconf 86' lang='lat' dir='ltr'><strong>jure</strong></span> <span class='ocrx_word' id='word_1_60' title='bbox 1208 1118 1280 1184; x_wconf 89' lang='lat' dir='ltr'><strong>adi-</strong></span> 
     </span>
     <span class='ocr_line' id='line_1_9' title="bbox 191 1217 1281 1298; baseline 0.005 -17"><span class='ocrx_word' id='word_1_61' title='bbox 191 1219 283 1282; x_wconf 77' lang='lat' dir='ltr'><strong>risse</strong></span> <span class='ocrx_word' id='word_1_62' title='bbox 313 1219 487 1283; x_wconf 89' lang='lat' dir='ltr'><strong>videretur.</strong></span> <span class='ocrx_word' id='word_1_63' title='bbox 531 1217 642 1282; x_wconf 86' lang='lat' dir='ltr'><strong>Unius</strong></span> <span class='ocrx_word' id='word_1_64' title='bbox 657 1217 792 1282; x_wconf 89' lang='lat' dir='ltr'><strong>Vitellii</strong></span> <span class='ocrx_word' id='word_1_65' title='bbox 811 1237 964 1283; x_wconf 88' lang='lat' dir='ltr'><strong>nummus</strong></span> <span class='ocrx_word' id='word_1_66' title='bbox 986 1219 1223 1298; x_wconf 81' lang='lat' dir='ltr'><strong>circumfertur,</strong></span> <span class='ocrx_word' id='word_1_67' title='bbox 1247 1229 1281 1286; x_wconf 90' lang='lat' dir='ltr'><strong>et</strong></span> 
     </span>
     <span class='ocr_line' id='line_1_10' title="bbox 192 1313 1280 1403; baseline 0.002 -20"><span class='ocrx_word' id='word_1_68' title='bbox 192 1319 373 1402; x_wconf 82' lang='lat' dir='ltr'><strong>Inscriptio</strong></span> <span class='ocrx_word' id='word_1_69' title='bbox 393 1321 484 1384; x_wconf 88' lang='lat' dir='ltr'><strong>basis</strong></span> <span class='ocrx_word' id='word_1_70' title='bbox 511 1319 641 1397; x_wconf 85' lang='lat' dir='ltr'><strong>visitur,</strong></span> <span class='ocrx_word' id='word_1_71' title='bbox 664 1320 697 1384; x_wconf 89' lang='lat' dir='ltr'><strong>in</strong></span> <span class='ocrx_word' id='word_1_72' title='bbox 718 1319 842 1403; x_wconf 90' lang='lat' dir='ltr'><strong>quibus</strong></span> <span class='ocrx_word' id='word_1_73' title='bbox 866 1319 985 1385; x_wconf 87' lang='lat' dir='ltr'><strong>‘Lucii</strong></span> <span class='ocrx_word' id='word_1_74' title='bbox 1004 1318 1112 1384; x_wconf 87' lang='lat' dir='ltr'><strong>filius&#39;</strong></span> <span class='ocrx_word' id='word_1_75' title='bbox 1133 1313 1280 1385; x_wconf 59' lang='lat' dir='ltr'><strong>nominii</strong></span> 
     </span>
     <span class='ocr_line' id='line_1_11' title="bbox 191 1413 1280 1504; baseline 0.002 -21"><span class='ocrx_word' id='word_1_76' title='bbox 191 1424 254 1496; x_wconf 89' lang='lat' dir='ltr'><strong>tur,</strong></span> <span class='ocrx_word' id='word_1_77' title='bbox 278 1422 335 1503; x_wconf 86' lang='lat' dir='ltr'><strong>qui</strong></span> <span class='ocrx_word' id='word_1_78' title='bbox 359 1413 690 1504; x_wconf 74' lang='lat' dir='ltr'><strong>praeterquamquod</strong></span> <span class='ocrx_word' id='word_1_79' title='bbox 712 1439 779 1484; x_wconf 91' lang='lat' dir='ltr'><strong>non</strong></span> <span class='ocrx_word' id='word_1_80' title='bbox 794 1415 979 1504; x_wconf 71' lang='lat' dir='ltr'><strong>imperauit,</strong></span> <span class='ocrx_word' id='word_1_81' title='bbox 1001 1439 1044 1484; x_wconf 93' lang='lat' dir='ltr'><strong>ne</strong></span> <span class='ocrx_word' id='word_1_82' title='bbox 1070 1439 1115 1482; x_wconf 86' lang='lat' dir='ltr'><strong>ex</strong></span> <span class='ocrx_word' id='word_1_83' title='bbox 1129 1415 1280 1504; x_wconf 75' lang='lat' dir='ltr'><strong>Impera·-</strong></span> 
     </span>
     <span class='ocr_line' id='line_1_12' title="bbox 193 1511 1280 1606; baseline 0.006 -24"><span class='ocrx_word' id='word_1_84' title='bbox 193 1511 321 1584; x_wconf 64' lang='lat' dir='ltr'><strong>&#39;toribus</strong></span> <span class='ocrx_word' id='word_1_85' title='bbox 335 1520 469 1604; x_wconf 90' lang='lat' dir='ltr'><strong>quidem</strong></span> <span class='ocrx_word' id='word_1_86' title='bbox 485 1521 641 1602; x_wconf 89' lang='lat' dir='ltr'><strong>originem</strong></span> <span class='ocrx_word' id='word_1_87' title='bbox 657 1520 765 1586; x_wconf 82' lang='lat' dir='ltr'><strong>duxit.</strong></span> <span class='ocrx_word' id='word_1_88' title='bbox 810 1520 875 1585; x_wconf 92' lang='lat' dir='ltr'><strong>Sed</strong></span> <span class='ocrx_word' id='word_1_89' title='bbox 890 1521 924 1584; x_wconf 91' lang='lat' dir='ltr'><strong>ni</strong></span> <span class='ocrx_word' id='word_1_90' title='bbox 939 1541 992 1586; x_wconf 93' lang='lat' dir='ltr'><strong>me</strong></span> <span class='ocrx_word' id='word_1_91' title='bbox 1011 1520 1095 1584; x_wconf 79' lang='lat' dir='ltr'><strong>taint</strong></span> <span class='ocrx_word' id='word_1_92' title='bbox 1108 1523 1280 1606; x_wconf 79' lang='lat' dir='ltr'><strong>conjectu-</strong></span> 
     </span>
     <span class='ocr_line' id='line_1_13' title="bbox 192 1615 1282 1704; baseline -0.005 -20"><span class='ocrx_word' id='word_1_93' title='bbox 192 1639 238 1696; x_wconf 88' lang='lat' dir='ltr'><strong>ra,</strong></span> <span class='ocrx_word' id='word_1_94' title='bbox 252 1615 368 1684; x_wconf 86' lang='lat' dir='ltr'><strong>secum</strong></span> <span class='ocrx_word' id='word_1_95' title='bbox 385 1621 442 1686; x_wconf 93' lang='lat' dir='ltr'><strong>ille</strong></span> <span class='ocrx_word' id='word_1_96' title='bbox 459 1628 616 1703; x_wconf 85' lang='lat' dir='ltr'><strong>reputans</strong></span> <span class='ocrx_word' id='word_1_97' title='bbox 639 1639 706 1702; x_wconf 82' lang='lat' dir='ltr'><strong>qua</strong></span> <span class='ocrx_word' id='word_1_98' title='bbox 728 1626 798 1685; x_wconf 91' lang='lat' dir='ltr'><strong>arto</strong></span> <span class='ocrx_word' id='word_1_99' title='bbox 818 1623 994 1704; x_wconf 89' lang='lat' dir='ltr'><strong>imperium</strong></span> <span class='ocrx_word' id='word_1_100' title='bbox 1014 1622 1204 1700; x_wconf 81' lang='lat' dir='ltr'><strong>invasisset,</strong></span> <span class='ocrx_word' id='word_1_101' title='bbox 1226 1643 1282 1689; x_wconf 87' lang='lat' dir='ltr'><strong>as.</strong></span> 
     </span>
     <span class='ocr_line' id='line_1_14' title="bbox 191 1719 1280 1806; baseline 0.004 -22"><span class='ocrx_word' id='word_1_102' title='bbox 191 1727 261 1785; x_wconf 89' lang='lat' dir='ltr'><strong>tute</strong></span> <span class='ocrx_word' id='word_1_103' title='bbox 276 1741 353 1786; x_wconf 90' lang='lat' dir='ltr'><strong>enm</strong></span> <span class='ocrx_word' id='word_1_104' title='bbox 366 1722 553 1805; x_wconf 82' lang='lat' dir='ltr'><strong>imperaret,</strong></span> <span class='ocrx_word' id='word_1_105' title='bbox 568 1722 674 1786; x_wconf 83' lang='lat' dir='ltr'><strong>videri</strong></span> <span class='ocrx_word' id='word_1_106' title='bbox 687 1721 794 1788; x_wconf 90' lang='lat' dir='ltr'><strong>noluit</strong></span> <span class='ocrx_word' id='word_1_107' title='bbox 810 1719 986 1806; x_wconf 87' lang='lat' dir='ltr'><strong>imperare,</strong></span> <span class='ocrx_word' id='word_1_108' title='bbox 1001 1740 1063 1788; x_wconf 89' lang='lat' dir='ltr'><strong>nec</strong></span> <span class='ocrx_word' id='word_1_109' title='bbox 1078 1722 1185 1805; x_wconf 87' lang='lat' dir='ltr'><strong>major</strong></span> <span class='ocrx_word' id='word_1_110' title='bbox 1198 1742 1280 1788; x_wconf 84' lang='lat' dir='ltr'><strong>eon·</strong></span> 
     </span>
     <span class='ocr_line' id='line_1_15' title="bbox 192 1819 1280 1907; baseline 0.006 -23"><span class='ocrx_word' id='word_1_111' title='bbox 192 1824 278 1901; x_wconf 92' lang='lat' dir='ltr'><strong>sule,</strong></span> <span class='ocrx_word' id='word_1_112' title='bbox 308 1843 385 1887; x_wconf 91' lang='lat' dir='ltr'><strong>oum</strong></span> <span class='ocrx_word' id='word_1_113' title='bbox 414 1822 559 1888; x_wconf 78' lang='lat' dir='ltr'><strong>Caesaris</strong></span> <span class='ocrx_word' id='word_1_114' title='bbox 588 1819 770 1905; x_wconf 77' lang='lat' dir='ltr'><strong>cognomen</strong></span> <span class='ocrx_word' id='word_1_115' title='bbox 800 1825 835 1887; x_wconf 91' lang='lat' dir='ltr'><strong>in</strong></span> <span class='ocrx_word' id='word_1_116' title='bbox 861 1843 960 1888; x_wconf 91' lang='lat' dir='ltr'><strong>omne</strong></span> <span class='ocrx_word' id='word_1_117' title='bbox 985 1828 1117 1907; x_wconf 88' lang='lat' dir='ltr'><strong>tempus</strong></span> <span class='ocrx_word' id='word_1_118' title='bbox 1146 1819 1280 1891; x_wconf 89' lang='lat' dir='ltr'><strong>anctore</strong></span> 
     </span>
     <span class='ocr_line' id='line_1_16' title="bbox 190 1923 1279 2008; baseline 0.003 -21"><span class='ocrx_word' id='word_1_119' title='bbox 190 1923 386 2007; x_wconf 80' lang='lat' dir='ltr'><strong>Tranquillo</strong></span> <span class='ocrx_word' id='word_1_120' title='bbox 400 1925 620 2004; x_wconf 82' lang='lat' dir='ltr'><strong>recusaverit3</strong></span> <span class='ocrx_word' id='word_1_121' title='bbox 644 1923 786 2008; x_wconf 81' lang='lat' dir='ltr'><strong>Augusti</strong></span> <span class='ocrx_word' id='word_1_122' title='bbox 809 1944 886 1990; x_wconf 83' lang='lat' dir='ltr'><strong>vero</strong></span> <span class='ocrx_word' id='word_1_123' title='bbox 904 1925 1079 1989; x_wconf 86' lang='lat' dir='ltr'><strong>distulerit.</strong></span> <span class='ocrx_word' id='word_1_124' title='bbox 1122 1924 1222 1990; x_wconf 90' lang='lat' dir='ltr'><strong>Unde</strong></span> <span class='ocrx_word' id='word_1_125' title='bbox 1236 1926 1279 1990; x_wconf 83' lang='lat' dir='ltr'><strong>ab</strong></span> 
     </span>
     <span class='ocr_line' id='line_1_17' title="bbox 190 2023 1280 2110; baseline 0.004 -24"><span class='ocrx_word' id='word_1_126' title='bbox 190 2023 285 2090; x_wconf 88' lang='lat' dir='ltr'><strong>initio</strong></span> <span class='ocrx_word' id='word_1_127' title='bbox 298 2026 372 2109; x_wconf 87' lang='lat' dir='ltr'><strong>ejus</strong></span> <span class='ocrx_word' id='word_1_128' title='bbox 387 2027 592 2110; x_wconf 80' lang='lat' dir='ltr'><strong>principatus</strong></span> <span class='ocrx_word' id='word_1_129' title='bbox 608 2028 682 2090; x_wconf 88' lang='lat' dir='ltr'><strong>cusi</strong></span> <span class='ocrx_word' id='word_1_130' title='bbox 695 2027 840 2090; x_wconf 89' lang='lat' dir='ltr'><strong>nummi:</strong></span> <span class='ocrx_word' id='word_1_131' title='bbox 864 2043 899 2090; x_wconf 82' lang='lat' dir='ltr'><strong>n.</strong></span> <span class='ocrx_word' id='word_1_132' title='bbox 915 2040 1117 2090; x_wconf 80' lang='lat' dir='ltr'><strong>vrrnnmvs</strong></span> <span class='ocrx_word' id='word_1_133' title='bbox 1131 2041 1280 2090; x_wconf 78' lang='lat' dir='ltr'><strong>unaun-</strong></span> 
     </span>
     <span class='ocr_line' id='line_1_18' title="bbox 190 2127 1279 2208; baseline 0.002 -18"><span class='ocrx_word' id='word_1_134' title='bbox 190 2143 301 2191; x_wconf 85' lang='lat' dir='ltr'><strong>rttcvs</strong></span> <span class='ocrx_word' id='word_1_135' title='bbox 329 2143 408 2190; x_wconf 80' lang='lat' dir='ltr'><strong>rur.</strong></span> <span class='ocrx_word' id='word_1_136' title='bbox 431 2143 531 2192; x_wconf 87' lang='lat' dir='ltr'><strong>coss.</strong></span> <span class='ocrx_word' id='word_1_137' title='bbox 554 2135 807 2192; x_wconf 71' lang='lat' dir='ltr'><strong>retentantem</strong></span> <span class='ocrx_word' id='word_1_138' title='bbox 829 2128 968 2192; x_wconf 87' lang='lat' dir='ltr'><strong>habent:</strong></span> <span class='ocrx_word' id='word_1_139' title='bbox 993 2127 1074 2190; x_wconf 92' lang='lat' dir='ltr'><strong>nulli</strong></span> <span class='ocrx_word' id='word_1_140' title='bbox 1094 2143 1279 2208; x_wconf 79' lang='lat' dir='ltr'><strong>cognomen</strong></span> 
     </span>
     <span class='ocr_line' id='line_1_19' title="bbox 191 2215 1159 2322; baseline 0.001 -31"><span class='ocrx_word' id='word_1_141' title='bbox 191 2226 350 2294; x_wconf 86' lang='lat' dir='ltr'><strong>Caesaris.</strong></span> <span class='ocrx_word' id='word_1_142' title='bbox 546 2215 549 2222; x_wconf 68' lang='grc'>’</span> <span class='ocrx_word' id='word_1_143' title='bbox 1152 2311 1159 2322; x_wconf 36' lang='grc'><strong>,</strong></span> 
     </span>
     <span class='ocr_line' id='line_1_20' title="bbox 229 2325 1278 2412; baseline -0.001 -18"><span class='ocrx_word' id='word_1_144' title='bbox 229 2328 384 2394; x_wconf 88' lang='lat' dir='ltr'><strong>Aliorum</strong></span> <span class='ocrx_word' id='word_1_145' title='bbox 400 2338 513 2396; x_wconf 88' lang='lat' dir='ltr'><strong>antem</strong></span> <span class='ocrx_word' id='word_1_146' title='bbox 526 2330 676 2395; x_wconf 88' lang='lat' dir='ltr'><strong>ordinum</strong></span> <span class='ocrx_word' id='word_1_147' title='bbox 698 2330 844 2396; x_wconf 89' lang='lat' dir='ltr'><strong>Romani</strong></span> <span class='ocrx_word' id='word_1_148' title='bbox 858 2331 930 2393; x_wconf 89' lang='lat' dir='ltr'><strong>solo</strong></span> <span class='ocrx_word' id='word_1_149' title='bbox 946 2325 1146 2412; x_wconf 76' lang='lat' dir='ltr'><strong>praenomine</strong></span> <span class='ocrx_word' id='word_1_150' title='bbox 1161 2335 1278 2410; x_wconf 87' lang='lat' dir='ltr'><strong>patres</strong></span> 
     </span>
     <span class='ocr_line' id='line_1_21' title="bbox 190 2426 1278 2512; baseline -0.002 -19"><span class='ocrx_word' id='word_1_151' title='bbox 190 2449 319 2512; x_wconf 87' lang='lat' dir='ltr'><strong>semper</strong></span> <span class='ocrx_word' id='word_1_152' title='bbox 344 2430 583 2512; x_wconf 86' lang='lat' dir='ltr'><strong>significabant,</strong></span> <span class='ocrx_word' id='word_1_153' title='bbox 609 2431 657 2494; x_wconf 89' lang='lat' dir='ltr'><strong>uti</strong></span> <span class='ocrx_word' id='word_1_154' title='bbox 687 2430 807 2495; x_wconf 85' lang='lat' dir='ltr'><strong>Fabati</strong></span> <span class='ocrx_word' id='word_1_155' title='bbox 830 2429 936 2494; x_wconf 90' lang='lat' dir='ltr'><strong>nostri</strong></span> <span class='ocrx_word' id='word_1_156' title='bbox 959 2426 1161 2494; x_wconf 87' lang='lat' dir='ltr'><strong>monumenti</strong></span> <span class='ocrx_word' id='word_1_157' title='bbox 1181 2445 1278 2510; x_wconf 88' lang='lat' dir='ltr'><strong>argu·</strong></span> 
     </span>
     <span class='ocr_line' id='line_1_22' title="bbox 189 2532 1278 2614; baseline -0.002 -20"><span class='ocrx_word' id='word_1_158' title='bbox 189 2537 300 2596; x_wconf 88' lang='lat' dir='ltr'><strong>mento</strong></span> <span class='ocrx_word' id='word_1_159' title='bbox 312 2539 464 2614; x_wconf 87' lang='lat' dir='ltr'><strong>apparet,</strong></span> <span class='ocrx_word' id='word_1_160' title='bbox 479 2532 569 2614; x_wconf 85' lang='lat' dir='ltr'><strong>quod</strong></span> <span class='ocrx_word' id='word_1_161' title='bbox 591 2549 624 2594; x_wconf 84' lang='lat' dir='ltr'><strong>n.</strong></span> <span class='ocrx_word' id='word_1_162' title='bbox 640 2547 893 2596; x_wconf 76' lang='lat' dir='ltr'><strong>enervamus.</strong></span> <span class='ocrx_word' id='word_1_163' title='bbox 916 2546 948 2596; x_wconf 83' lang='lat' dir='ltr'><strong>n.</strong></span> <span class='ocrx_word' id='word_1_164' title='bbox 964 2547 995 2593; x_wconf 81' lang='lat' dir='ltr'><strong>r.</strong></span> <span class='ocrx_word' id='word_1_165' title='bbox 1011 2545 1094 2593; x_wconf 80' lang='lat' dir='ltr'><strong>ovo.</strong></span> <span class='ocrx_word' id='word_1_166' title='bbox 1110 2543 1278 2592; x_wconf 78' lang='lat' dir='ltr'><strong>unsaros</strong></span> 
     </span>
     <span class='ocr_line' id='line_1_23' title="bbox 186 2629 1278 2717; baseline -0.001 -24"><span class='ocrx_word' id='word_1_167' title='bbox 186 2630 297 2697; x_wconf 85' lang='lat' dir='ltr'><strong>habet.</strong></span> <span class='ocrx_word' id='word_1_168' title='bbox 339 2633 485 2698; x_wconf 84' lang='lat' dir='ltr'><strong>Tantum</strong></span> <span class='ocrx_word' id='word_1_169' title='bbox 513 2631 649 2716; x_wconf 80' lang='lat' dir='ltr'><strong>excipio</strong></span> <span class='ocrx_word' id='word_1_170' title='bbox 669 2635 699 2697; x_wconf 90' lang='lat' dir='ltr'><strong>si</strong></span> <span class='ocrx_word' id='word_1_171' title='bbox 720 2633 853 2717; x_wconf 92' lang='lat' dir='ltr'><strong>quando</strong></span> <span class='ocrx_word' id='word_1_172' title='bbox 875 2631 972 2716; x_wconf 88' lang='lat' dir='ltr'><strong>patri,</strong></span> <span class='ocrx_word' id='word_1_173' title='bbox 994 2630 1047 2694; x_wconf 83' lang='lat' dir='ltr'><strong>vel</strong></span> <span class='ocrx_word' id='word_1_174' title='bbox 1069 2629 1140 2694; x_wconf 88' lang='lat' dir='ltr'><strong>filio</strong></span> <span class='ocrx_word' id='word_1_175' title='bbox 1159 2646 1278 2693; x_wconf 91' lang='lat' dir='ltr'><strong>monu-</strong></span> 
     </span>
     <span class='ocr_line' id='line_1_24' title="bbox 187 2729 1279 2830; baseline -0.001 -36"><span class='ocrx_word' id='word_1_176' title='bbox 187 2738 330 2798; x_wconf 87' lang='lat' dir='ltr'><strong>mentum</strong></span> <span class='ocrx_word' id='word_1_177' title='bbox 344 2734 549 2815; x_wconf 85' lang='lat' dir='ltr'><strong>posuissent,</strong></span> <span class='ocrx_word' id='word_1_178' title='bbox 564 2735 598 2797; x_wconf 93' lang='lat' dir='ltr'><strong>in</strong></span> <span class='ocrx_word' id='word_1_179' title='bbox 613 2733 729 2816; x_wconf 85' lang='lat' dir='ltr'><strong>elogiis</strong></span> <span class='ocrx_word' id='word_1_180' title='bbox 743 2733 785 2798; x_wconf 90' lang='lat' dir='ltr'><strong>de</strong></span> <span class='ocrx_word' id='word_1_181' title='bbox 806 2733 895 2808; x_wconf 88' lang='lat' dir='ltr'><strong>filiis,</strong></span> <span class='ocrx_word' id='word_1_182' title='bbox 912 2750 998 2814; x_wconf 87' lang='lat' dir='ltr'><strong>quos</strong></span> <span class='ocrx_word' id='word_1_183' title='bbox 1013 2735 1124 2812; x_wconf 85' lang='lat' dir='ltr'><strong>patres</strong></span> <span class='ocrx_word' id='word_1_184' title='bbox 1142 2729 1279 2830; x_wconf 73' lang='lat' dir='ltr'><strong>¹latrinula-</strong></span> 
     </span>
     <span class='ocr_line' id='line_1_25' title="bbox 189 2832 1278 2916; baseline -0.003 -20"><span class='ocrx_word' id='word_1_185' title='bbox 189 2840 273 2910; x_wconf 89' lang='lat' dir='ltr'><strong>sent,</strong></span> <span class='ocrx_word' id='word_1_186' title='bbox 297 2832 409 2897; x_wconf 89' lang='lat' dir='ltr'><strong>dicere</strong></span> <span class='ocrx_word' id='word_1_187' title='bbox 433 2834 673 2916; x_wconf 86' lang='lat' dir='ltr'><strong>supersedisse,</strong></span> <span class='ocrx_word' id='word_1_188' title='bbox 699 2851 777 2897; x_wconf 86' lang='lat' dir='ltr'><strong>eum</strong></span> <span class='ocrx_word' id='word_1_189' title='bbox 795 2836 890 2915; x_wconf 87' lang='lat' dir='ltr'><strong>pater</strong></span> <span class='ocrx_word' id='word_1_190' title='bbox 905 2832 1129 2895; x_wconf 78' lang='lat' dir='ltr'><strong>nominaretur</strong></span> <span class='ocrx_word' id='word_1_191' title='bbox 1145 2847 1278 2912; x_wconf 89' lang='lat' dir='ltr'><strong>praeno·</strong></span> 
     </span>
     <span class='ocr_line' id='line_1_26' title="bbox 188 2927 1277 3016; baseline -0.003 -19"><span class='ocrx_word' id='word_1_192' title='bbox 188 2936 290 3012; x_wconf 88' lang='lat' dir='ltr'><strong>mine,</strong></span> <span class='ocrx_word' id='word_1_193' title='bbox 312 2935 456 3012; x_wconf 89' lang='lat' dir='ltr'><strong>nomine,</strong></span> <span class='ocrx_word' id='word_1_194' title='bbox 479 2935 741 3016; x_wconf 75' lang='lat' dir='ltr'><strong>ae&#39;cognomlne</strong></span> <span class='ocrx_word' id='word_1_195' title='bbox 766 2934 941 3016; x_wconf 88' lang='lat' dir='ltr'><strong>appositis,</strong></span> <span class='ocrx_word' id='word_1_196' title='bbox 951 2927 1029 2996; x_wconf 71' lang='lat' dir='ltr'><strong>&#39;sive</strong></span> <span class='ocrx_word' id='word_1_197' title='bbox 1051 2949 1132 3011; x_wconf 86' lang='lat' dir='ltr'><strong>erga</strong></span> <span class='ocrx_word' id='word_1_198' title='bbox 1154 2935 1277 3012; x_wconf 85' lang='lat' dir='ltr'><strong>patres,</strong></span> 
     </span>
     <span class='ocr_line' id='line_1_27' title="bbox 188 3030 1278 3118; baseline -0.005 -18"><span class='ocrx_word' id='word_1_199' title='bbox 188 3035 455 3116; x_wconf 83' lang='lat' dir='ltr'><strong>sire&#39;ergafilios,</strong></span> <span class='ocrx_word' id='word_1_200' title='bbox 468 3036 553 3100; x_wconf 89' lang='lat' dir='ltr'><strong>hane</strong></span> <span class='ocrx_word' id='word_1_201' title='bbox 566 3036 632 3118; x_wconf 86' lang='lat' dir='ltr'><strong>piae</strong></span> <span class='ocrx_word' id='word_1_202' title='bbox 643 3035 810 3100; x_wconf 89' lang='lat' dir='ltr'><strong>momoriae</strong></span> <span class='ocrx_word' id='word_1_203' title='bbox 825 3039 858 3098; x_wconf 92' lang='lat' dir='ltr'><strong>et</strong></span> <span class='ocrx_word' id='word_1_204' title='bbox 870 3032 991 3097; x_wconf 87' lang='lat' dir='ltr'><strong>amoris</strong></span> <span class='ocrx_word' id='word_1_205' title='bbox 1003 3030 1278 3114; x_wconf 85' lang='lat' dir='ltr'><strong>significationem</strong></span> 
     </span>
     <span class='ocr_line' id='line_1_28' title="bbox 178 3129 1276 3220; baseline -0.005 -20"><span class='ocrx_word' id='word_1_206' title='bbox 178 3131 423 3220; x_wconf 57' lang='lat' dir='ltr'><strong>prebuissent.</strong></span> <span class='ocrx_word' id='word_1_207' title='bbox 447 3135 699 3201; x_wconf 83' lang='lat' dir='ltr'><strong>observationis</strong></span> <span class='ocrx_word' id='word_1_208' title='bbox 709 3137 816 3200; x_wconf 88' lang='lat' dir='ltr'><strong>habeo</strong></span> <span class='ocrx_word' id='word_1_209' title='bbox 831 3139 937 3199; x_wconf 87' lang='lat' dir='ltr'><strong>testes</strong></span> <span class='ocrx_word' id='word_1_210' title='bbox 949 3133 1201 3216; x_wconf 84' lang='lat' dir='ltr'><strong>Epigrammata</strong></span> <span class='ocrx_word' id='word_1_211' title='bbox 1209 3129 1276 3196; x_wconf 91' lang='lat' dir='ltr'><strong>duo</strong></span> 
     </span>
     <span class='ocr_line' id='line_1_29' title="bbox 188 3229 1262 3323; baseline -0.008 -21"><span class='ocrx_word' id='word_1_212' title='bbox 188 3240 221 3302; x_wconf 89' lang='lat' dir='ltr'><strong>in</strong></span> <span class='ocrx_word' id='word_1_213' title='bbox 233 3237 499 3322; x_wconf 77' lang='lat' dir='ltr'><strong>praecedentibus</strong></span> <span class='ocrx_word' id='word_1_214' title='bbox 510 3238 664 3316; x_wconf 82' lang='lat' dir='ltr'><strong>recitata,</strong></span> <span class='ocrx_word' id='word_1_215' title='bbox 679 3257 820 3323; x_wconf 89' lang='lat' dir='ltr'><strong>quorum</strong></span> <span class='ocrx_word' id='word_1_216' title='bbox 834 3229 973 3319; x_wconf 88' lang='lat' dir='ltr'><strong>primum</strong></span> <span class='ocrx_word' id='word_1_217' title='bbox 988 3234 1105 3299; x_wconf 88' lang='lat' dir='ltr'><strong>habet:</strong></span> <span class='ocrx_word' id='word_1_218' title='bbox 1168 3261 1170 3266; x_wconf 95' lang='lat'>·</span> <span class='ocrx_word' id='word_1_219' title='bbox 1258 3250 1262 3259; x_wconf 86' lang='lat'>·</span> 
     </span>
     <span class='ocr_line' id='line_1_30' title="bbox 232 3346 1276 3416; baseline -0.009 -12"><span class='ocrx_word' id='word_1_220' title='bbox 232 3357 266 3404; x_wconf 83' lang='lat' dir='ltr'><strong>n.</strong></span> <span class='ocrx_word' id='word_1_221' title='bbox 281 3354 461 3416; x_wconf 80' lang='lat' dir='ltr'><strong>aovrnrvs</strong></span> <span class='ocrx_word' id='word_1_222' title='bbox 486 3355 679 3404; x_wconf 78' lang='lat' dir='ltr'><strong>suevuovs</strong></span> <span class='ocrx_word' id='word_1_223' title='bbox 696 3357 730 3402; x_wconf 75' lang='lat' dir='ltr'><strong>r..</strong></span> <span class='ocrx_word' id='word_1_224' title='bbox 745 3349 902 3414; x_wconf 76' lang='lat' dir='ltr'><strong>rovreto</strong></span> <span class='ocrx_word' id='word_1_225' title='bbox 920 3349 1130 3399; x_wconf 77' lang='lat' dir='ltr'><strong>oasarrour</strong></span> <span class='ocrx_word' id='word_1_226' title='bbox 1150 3346 1276 3396; x_wconf 79' lang='lat' dir='ltr'><strong>rarat.</strong></span> 
     </span>
     <span class='ocr_line' id='line_1_31' title="bbox 186 3432 1275 3525; baseline -0.013 -14"><span class='ocrx_word' id='word_1_227' title='bbox 186 3443 229 3512; x_wconf 92' lang='lat' dir='ltr'><strong>Iu</strong></span> <span class='ocrx_word' id='word_1_228' title='bbox 244 3461 311 3525; x_wconf 92' lang='lat' dir='ltr'><strong>quo</strong></span> <span class='ocrx_word' id='word_1_229' title='bbox 325 3441 413 3505; x_wconf 85' lang='lat' dir='ltr'><strong>notis</strong></span> <span class='ocrx_word' id='word_1_230' title='bbox 428 3437 467 3504; x_wconf 84' lang='lat' dir='ltr'><strong>L.</strong></span> <span class='ocrx_word' id='word_1_231' title='bbox 486 3440 527 3503; x_wconf 87' lang='lat' dir='ltr'><strong>F.</strong></span> <span class='ocrx_word' id='word_1_232' title='bbox 548 3441 668 3524; x_wconf 89' lang='lat' dir='ltr'><strong>quibus</strong></span> <span class='ocrx_word' id='word_1_233' title='bbox 691 3438 810 3505; x_wconf 87' lang='lat' dir='ltr'><strong>‘Lucii</strong></span> <span class='ocrx_word' id='word_1_234' title='bbox 824 3437 934 3502; x_wconf 87' lang='lat' dir='ltr'><strong>filius’</strong></span> <span class='ocrx_word' id='word_1_235' title='bbox 956 3433 1175 3518; x_wconf 84' lang='lat' dir='ltr'><strong>significatur,</strong></span> <span class='ocrx_word' id='word_1_236' title='bbox 1186 3432 1275 3498; x_wconf 82' lang='lat' dir='ltr'><strong>filins</strong></span> 
     </span>
     <span class='ocr_line' id='line_1_32' title="bbox 188 3536 1274 3625; baseline -0.006 -19"><span class='ocrx_word' id='word_1_237' title='bbox 188 3541 348 3625; x_wconf 88' lang='lat' dir='ltr'><strong>pepercit,</strong></span> <span class='ocrx_word' id='word_1_238' title='bbox 378 3541 467 3624; x_wconf 90' lang='lat' dir='ltr'><strong>quod</strong></span> <span class='ocrx_word' id='word_1_239' title='bbox 498 3539 556 3605; x_wconf 73' lang='lat' dir='ltr'><strong>‘h</strong></span> <span class='ocrx_word' id='word_1_240' title='bbox 586 3538 742 3625; x_wconf 87' lang='lat' dir='ltr'><strong>Aquilius</strong></span> <span class='ocrx_word' id='word_1_241' title='bbox 763 3537 875 3622; x_wconf 81' lang='lat' dir='ltr'><strong>pater’</strong></span> <span class='ocrx_word' id='word_1_242' title='bbox 899 3536 1053 3621; x_wconf 84' lang='lat' dir='ltr'><strong>protinus</strong></span> <span class='ocrx_word' id='word_1_243' title='bbox 1080 3536 1274 3600; x_wconf 85' lang='lat' dir='ltr'><strong>nominetur.</strong></span> 
     </span>
     <span class='ocr_line' id='line_1_33' title="bbox 188 3640 1079 3707; baseline -0.002 -2"><span class='ocrx_word' id='word_1_244' title='bbox 188 3642 341 3707; x_wconf 91' lang='lat' dir='ltr'><strong>Alterum</strong></span> <span class='ocrx_word' id='word_1_245' title='bbox 356 3640 427 3704; x_wconf 90' lang='lat' dir='ltr'><strong>sic:</strong></span> <span class='ocrx_word' id='word_1_246' title='bbox 892 3650 895 3656; x_wconf 82' lang='lat'><strong><em>‘</em></strong></span> <span class='ocrx_word' id='word_1_247' title='bbox 1077 3655 1079 3660; x_wconf 80' lang='grc'>’</span> 
     </span>
     <span class='ocr_line' id='line_1_34' title="bbox 231 3751 1254 3808; baseline -0.011 -2"><span class='ocrx_word' id='word_1_248' title='bbox 231 3761 264 3808; x_wconf 82' lang='lat' dir='ltr'><strong>n.</strong></span> <span class='ocrx_word' id='word_1_249' title='bbox 278 3757 468 3807; x_wconf 76' lang='lat' dir='ltr'><strong>conuento</strong></span> <span class='ocrx_word' id='word_1_250' title='bbox 484 3757 657 3808; x_wconf 78' lang='lat' dir='ltr'><strong>sncuuuo</strong></span> <span class='ocrx_word' id='word_1_251' title='bbox 673 3757 707 3804; x_wconf 81' lang='lat' dir='ltr'><strong>n.</strong></span> <span class='ocrx_word' id='word_1_252' title='bbox 723 3755 937 3805; x_wconf 74' lang='lat' dir='ltr'><strong>conuentus</strong></span> <span class='ocrx_word' id='word_1_253' title='bbox 953 3753 1101 3802; x_wconf 75' lang='lat' dir='ltr'><strong>oureus</strong></span> <span class='ocrx_word' id='word_1_254' title='bbox 1119 3751 1254 3800; x_wconf 75' lang='lat' dir='ltr'><strong>sarua.</strong></span> 
     </span>
     <span class='ocr_line' id='line_1_35' title="bbox 231 3835 1310 3924; baseline -0.012 -14"><span class='ocrx_word' id='word_1_255' title='bbox 231 3844 333 3910; x_wconf 88' lang='lat' dir='ltr'><strong>Notis</strong></span> <span class='ocrx_word' id='word_1_256' title='bbox 349 3843 389 3908; x_wconf 84' lang='lat' dir='ltr'><strong>L.</strong></span> <span class='ocrx_word' id='word_1_257' title='bbox 406 3843 447 3909; x_wconf 88' lang='lat' dir='ltr'><strong>F.</strong></span> <span class='ocrx_word' id='word_1_258' title='bbox 458 3844 600 3921; x_wconf 89' lang='lat' dir='ltr'><strong>omissis,</strong></span> <span class='ocrx_word' id='word_1_259' title='bbox 616 3851 654 3908; x_wconf 92' lang='lat' dir='ltr'><strong>ut</strong></span> <span class='ocrx_word' id='word_1_260' title='bbox 668 3843 803 3907; x_wconf 91' lang='lat' dir='ltr'><strong>minime</strong></span> <span class='ocrx_word' id='word_1_261' title='bbox 818 3842 861 3907; x_wconf 84' lang='lat' dir='ltr'><strong>ad</strong></span> <span class='ocrx_word' id='word_1_262' title='bbox 877 3840 1012 3924; x_wconf 88' lang='lat' dir='ltr'><strong>patrem</strong></span> <span class='ocrx_word' id='word_1_263' title='bbox 1022 3835 1274 3921; x_wconf 85' lang='lat' dir='ltr'><strong>significandum</strong></span> <span class='ocrx_word' id='word_1_264' title='bbox 1302 3845 1310 3862; x_wconf 90' lang='lat'><em>·</em></span> 
     </span>
     <span class='ocr_line' id='line_1_36' title="bbox 185 3937 1276 4019; baseline -0.013 -8"><span class='ocrx_word' id='word_1_265' title='bbox 185 3939 391 4011; x_wconf 84' lang='lat' dir='ltr'><strong>necessariis.</strong></span> <span class='ocrx_word' id='word_1_266' title='bbox 435 3941 618 4008; x_wconf 88' lang='lat' dir='ltr'><strong>Dissimilis</strong></span> <span class='ocrx_word' id='word_1_267' title='bbox 637 3942 734 4008; x_wconf 85' lang='lat' dir='ltr'><strong>valde</strong></span> <span class='ocrx_word' id='word_1_268' title='bbox 755 3944 841 4007; x_wconf 82' lang='lat' dir='ltr'><strong>ratio</strong></span> <span class='ocrx_word' id='word_1_269' title='bbox 864 3948 937 4006; x_wconf 89' lang='lat' dir='ltr'><strong>erat</strong></span> <span class='ocrx_word' id='word_1_270' title='bbox 957 3959 1080 4016; x_wconf 90' lang='lat' dir='ltr'><strong>eorum,</strong></span> <span class='ocrx_word' id='word_1_271' title='bbox 1095 3937 1153 4019; x_wconf 90' lang='lat' dir='ltr'><strong>qni</strong></span> <span class='ocrx_word' id='word_1_272' title='bbox 1168 3953 1276 4018; x_wconf 89' lang='lat' dir='ltr'><strong>nuper</strong></span> 
     </span>
     <span class='ocr_line' id='line_1_37' title="bbox 186 4036 1275 4128; baseline -0.012 -15"><span class='ocrx_word' id='word_1_273' title='bbox 186 4049 374 4113; x_wconf 82' lang='lat' dir='ltr'><strong>Romanam</strong></span> <span class='ocrx_word' id='word_1_274' title='bbox 395 4045 560 4110; x_wconf 84' lang='lat' dir='ltr'><strong>civitatem</strong></span> <span class='ocrx_word' id='word_1_275' title='bbox 581 4044 698 4128; x_wconf 88' lang='lat' dir='ltr'><strong>adepti</strong></span> <span class='ocrx_word' id='word_1_276' title='bbox 711 4049 841 4122; x_wconf 83' lang='lat' dir='ltr'><strong>essent;</strong></span> <span class='ocrx_word' id='word_1_277' title='bbox 864 4043 967 4127; x_wconf 88' lang='lat' dir='ltr'><strong>patris</strong></span> <span class='ocrx_word' id='word_1_278' title='bbox 984 4041 1071 4104; x_wconf 89' lang='lat' dir='ltr'><strong>enim</strong></span> <span class='ocrx_word' id='word_1_279' title='bbox 1089 4036 1275 4119; x_wconf 74' lang='lat' dir='ltr'><strong>loco,&#39;eJus,</strong></span> 
     </span>
     <span class='ocr_line' id='line_1_38' title="bbox 187 4133 1274 4232; baseline -0.013 -18"><span class='ocrx_word' id='word_1_280' title='bbox 187 4149 246 4232; x_wconf 88' lang='lat' dir='ltr'><strong>qui</strong></span> <span class='ocrx_word' id='word_1_281' title='bbox 260 4148 325 4212; x_wconf 89' lang='lat' dir='ltr'><strong>sibi</strong></span> <span class='ocrx_word' id='word_1_282' title='bbox 341 4147 395 4212; x_wconf 87' lang='lat' dir='ltr'><strong>rel</strong></span> <span class='ocrx_word' id='word_1_283' title='bbox 409 4145 581 4211; x_wconf 86' lang='lat' dir='ltr'><strong>civitatum</strong></span> <span class='ocrx_word' id='word_1_284' title='bbox 595 4145 854 4228; x_wconf 83' lang='lat' dir='ltr'><strong>impetravisset,</strong></span> <span class='ocrx_word' id='word_1_285' title='bbox 867 4143 919 4208; x_wconf 88' lang='lat' dir='ltr'><strong>vel</strong></span> <span class='ocrx_word' id='word_1_286' title='bbox 931 4138 1144 4226; x_wconf 83' lang='lat' dir='ltr'><strong>impetrandae</strong></span> <span class='ocrx_word' id='word_1_287' title='bbox 1161 4133 1274 4204; x_wconf 85' lang='lat' dir='ltr'><strong>auctor</strong></span> 
     </span>
    </p>
   </div>
   <div class='ocr_carea' id='block_1_3' title="bbox 0 0 1508 4874">
    <p class='ocr_par' dir='ltr' id='par_1_3' title="bbox 0 0 1508 4874">
     <span class='ocr_line' id='line_1_39' title="bbox 0 0 1508 4874; baseline 0 3"><span class='ocrx_word' id='word_1_288' title='bbox 0 0 1508 4874; x_wconf 95' lang='lat' dir='ltr'><strong> </strong></span> 
     </span>
    </p>
   </div>
  </div>
 </body>
</html>
