3038 4880
271 371 337 438 494
641 381 675 430 c.
699 381 818 430 rainu
842 379 1005 430 sacunnr

273 529 408 594 delubro
426 526 584 594 Herculis
598 523 783 608 proximus,
793 523 865 588 fons
880 522 1028 586 inclusus
1043 520 1088 585 ad
1103 520 1200 604 putei
1215 519 1360 598 modum,

272 631 358 694 alias
380 630 480 694 simul
503 647 578 693 cum
594 623 731 689 Oceano
743 631 883 705 ,augetur
908 623 1146 707 minuiturque,
1173 622 1259 686 alias
1283 641 1362 687 vero

273 737 447 814 utrumque
477 728 656 794 contrariis
682 727 901 808 temporibus.
959 723 1088 788 Eodem
1118 724 1154 786 in
1181 723 1258 786 loco
1281 723 1362 806 alter

274 831 401 896 Oceani
421 833 567 896 motibus
590 829 771 894 consentit.
816 828 857 892 In
870 829 956 910 ,ripa
978 825 1093 908 litatis¹
1112 826 1276 908 oppidum
1300 832 1363 903 est,

273 933 373 1015 cujus
383 933 478 1016 putei
488 936 656 996 crescente
666 934 751 994 testu
763 929 964 1007 minuuntur,
973 933 1154 1011 augescunt
1165 927 1361 1003 decedente,

273 1033 393 1099 mediis
420 1041 606 1116 temporum
635 1029 833 1096 immobiles.
878 1028 1004 1104 Eadem
1024 1033 1143 1092 natura
1164 1029 1199 1092 in
1223 1027 1362 1111 Hispali

272 1134 397 1219 oppido
418 1136 477 1198 uni
505 1138 620 1217 puteo,
647 1132 764 1196 ceteris
795 1131 951 1213 vulgaris.
994 1129 1040 1195 Et
1054 1129 1208 1194 Pontus‘
1231 1149 1364 1213 semper

274 1243 371 1302 extra
384 1243 473 1301 meat
486 1237 520 1300 in
544 1231 796 1316 Propontidem,
810 1232 971 1297 introrsus
984 1231 1018 1296 in
1033 1229 1180 1298 Pontum
1194 1249 1362 1315 nunquam

272 1338 484 1404 refluomari.
998 1385 1001 1392 .

318 1434 563 1524 or.(xov111.)
584 1430 1036 1517 omniaplenilnnio'meria
1050 1441 1248 1517 purgantur:
1270 1453 1362 1518 quee-

274 1540 399 1606 damet
421 1545 511 1604 stato
525 1544 685 1620 tempore.
729 1535 828 1603 Circa
843 1535 1063 1601 Messanam⁸
1086 1543 1121 1601 et
1147 1534 1263 1619 Mylas
1284 1536 1362 1599 fimo

274 1641 395 1705 similia
408 1644 613 1721 exspuantur
638 1635 672 1700 in
687 1637 782 1700 littus
795 1643 1029 1720 purgamenta:
1052 1636 1143 1701 unde
1156 1636 1285 1714 sabula,
1298 1636 1363 1701 So·

272 1742 317 1808 lis
340 1738 468 1805 boveo'¹
495 1740 543 1804 ibi
564 1738 734 1804 stabulari.
757 1737 826 1801 His
840 1737 933 1800 addit
954 1739 1007 1814 (ut
1030 1739 1125 1815 nihil,
1151 1738 1245 1822 quod
1270 1739 1366 1821 equi·

273 1839 349 1904 dem
364 1841 525 1919 nouerim,
543 1841 752 1924 preteream)
766 1836 983 1914 Aristoteles,
1009 1839 1137 1904 nullum
1161 1837 1285 1903 animal
1300 1839 1363 1902 nisi

274 1948 360 2006 aestu
373 1939 381 1978 ¹
395 1940 566 2006 recedente
581 1941 744 2023 expirare.
788 1937 1009 2004 Observatum
1025 1940 1060 2003 id
1075 1940 1213 2026 multum
1230 1939 1264 2003 in
1284 1939 1364 2004 Gal·

272 2040 355 2108 licoj
368 2042 517 2119 Oceano,
534 2049 569 2105 et
579 2041 746 2105 duntaxat
758 2039 794 2102 in
809 2039 941 2104 homine
950 2046 1171 2128 compertum.
1221 2103 1224 2108 .

317 2141 540 2229 on.(xerx·)
562 2140 641 2220 Quo
657 2160 736 2206 vera
761 2139 963 2224 conjectatio
985 2141 1112 2220 existit,
1127 2141 1218 2206 hand
1242 2141 1364 2207 frustra

272 2245 412 2327 spiritus
426 2240 543 2309 sidus¹¹
558 2243 687 2310 Lunam
700 2247 709 2276 ¹
733 2243 926 2306 existimari.
950 2242 1030 2307 Hoc
1044 2262 1117 2307 esse
1129 2243 1244 2327 quod²
1259 2250 1363 2308 terras

306 2457 373 2508 Car.
385 2470 434 2506 cn.
461 2461 474 2505 1
488 2455 569 2506 codd.
583 2453 666 2505 cntffl.
678 2463 706 2504 et
717 2455 810 2506 Dalee.
826 2455 977 2520 spiritantem
987 2455 1053 2504 eidus
1064 2455 1212 2518 [arumde.
1229 2455 1291 2504 edd.
1302 2463 1365 2506 vett.

273 2527 333 2569 aute
345 2520 473 2571 Harduin.
489 2520 600 2584 sonitem
608 2521 673 2569 uider
682 2521 759 2578 lem
776 2527 828 2570 vet.
840 2521 932 2571 Delec.
948 2519 1120 2602 rpiriter'ridar
1130 2521 1248 2570 ime-2
1265 2521 1319 2570 Hor
1330 2527 1364 2570 eit

762 2630 872 2682 NOTAE

304 2737 316 2763 ·
334 2729 368 2779 Et
379 2729 482 2793 Portae]
494 2729 574 2780 Arist.
584 2729 697 2780 Mereor.
707 2728 751 2779 lib.
763 2741 797 2778 n.
837 2726 906 2778 tibur
918 2726 993 2777 simili
1006 2727 1104 2778 ratione
1117 2727 1279 2794 contingere.
1294 2727 1364 2779 Stre·

274 2811 298 2855 1.
306 2819 332 2868 p.
343 2809 399 2855 850.
416 2805 511 2856 Strabo
522 2804 676 2870 libantis.
693 2806 797 2855 Plutar·
836 2805 870 2856 bo
881 2820 982 2871 quoqne
994 2806 1040 2856 lto.
1052 2821 1072 2858 r.
1085 2822 1110 2871 p.
1122 2811 1165 2858 88.

272 2880 342 2942 chor,
359 2881 403 2931 tib.
415 2879 448 2931 de
468 2880 571 2932 Garrul.
583 2895 608 2945 p.
626 2885 683 2931 888.
698 2881 797 2930 seneen
867 2879 970 2932 sciron
999 2881 1146 2946 Menneu]
1172 2881 1239 2932 Hae
1255 2881 1364 2932 totidem

272 2955 367 3004 Netur.
385 2955 799 3021 ouant.1v.a.p.eer.autqne.
840 2956 924 3007 verbis
943 2957 1041 3008 Seneca
1058 2959 1108 3008 loc.
1131 2957 1178 3007 clt.
1210 2956 1243 3006 ld
1262 2957 1365 3020 expeti·

271 3027 800 3087 Ertillndsaneadnrirebilitetiemaxime,
840 3039 927 3083 mento
944 3033 1168 3097 comprobaturua
1188 3047 1216 3082 ee
1234 3033 1366 3097 ritumque

271 3104 351 3154 Ponti
369 3119 447 3170 aquae
464 3114 491 3154 et
509 3107 709 3168 AEgaeimeririn
721 3107 799 3156 iuter·
840 3109 900 3158 ollm
913 3114 1024 3157 testetur
1042 3107 1167 3172 Puellae,
1184 3107 1278 3158 decad.
1299 3123 1318 3157 r.
1333 3107 1364 3157 de

271 3193 333 3230 nuru
350 3195 395 3230 seu
410 3181 625 3231 mediterraneum
641 3195 710 3232 mare
729 3182 797 3232 iubis
839 3182 927 3232 liebus
937 3181 1038 3245 Siculis,
1048 3195 1087 3232 rx.
1098 3187 1123 3233 8.

271 3255 334 3305 nlirll
356 3257 468 3306 vicissim
488 3272 520 3307 ex
536 3270 568 3309 eo
586 3258 612 3308 iu
629 3258 740 3308 Pontum
756 3271 796 3308 re·
869 3255 953 3308 *Salia
965 3257 1044 3320 Mure]
1056 3259 1156 3308 Seneca
1165 3258 1214 3309 loe.
1225 3259 1270 3308 eit.
1283 3257 1362 3322 Apol·

271 3327 365 3379 tinere:
393 3330 508 3396 adeoque
528 3345 616 3396 parum
638 3332 664 3380 ln
685 3331 796 3382 Atlanti·
835 3333 1150 3384 tnnttsenotmdrvaor.
1166 3334 1270 3399 aliique.
1289 3333 1365 3384 liene

271 3419 329 3455 cunr
340 3406 483 3469 Oceanum,
497 3419 545 3470 per
563 3405 721 3456 Gaditanum
742 3405 795 3456 fre·
835 3415 921 3457 tamen
932 3405 1045 3458 fabulam
1056 3409 1192 3459 confictam
1201 3425 1217 3459 ι
1226 3407 1366 3471 veteribus,

264 3485 336 3543 ¹turn,
347 3488 376 3532 ot
391 3495 451 3531 eum
468 3495 515 3531 rex
533 3482 600 3532 honr
618 3481 644 3532 iu
663 3483 797 3532 Oceanum
834 3481 872 3533 'ob
883 3483 1003 3533 eximitur
1014 3483 1040 3533 ln
1062 3484 1125 3534 loeis
1140 3483 1191 3534 illie
1213 3499 1363 3549 pascuorum

270 3556 333 3608 illud
346 3555 444 3619 edlua't,
455 3557 576 3606 Oceanus
587 3557 654 3620 ipse,
663 3557 735 3621 qussi
745 3557 797 3606 tie·
837 3557 996 3623 felicitatem,
1007 3567 1099 3610 auctor
1110 3567 1150 3610 eet
1167 3560 1366 3624 Theophrastus,

269 3637 313 3680 tor
324 3632 349 3681 in
360 3630 574 3682 mediterraneum
591 3632 697 3696 pelagus
712 3633 797 3694 ingre·
838 3635 907 3686 ittet.
917 3637 1005 3687 Plrnt.
1016 3649 1078 3686 rur.
1088 3640 1112 3687 Ι.

271 3706 358 3756 diatur
367 3721 414 3770 per
424 3708 498 3756 horae
509 3706 695 3770 duodeviginti,
705 3709 743 3757 uti
753 3707 798 3758 oh·
869 3713 877 3748 ¹
894 3713 949 3762 Nisi
959 3711 1032 3776 artu]
1048 3710 1245 3776 Deprehenrum
1263 3711 1363 3763 uru'ert

271 3781 796 3846 senatuumnsurnertonyerogsrx.
837 3791 863 3840 in
885 3789 1013 3839 maritimo
1034 3787 1120 3852 Belgii
1143 3795 1242 3850 tractu,
1259 3801 1304 3838 eor
1323 3789 1366 3852 qui

270 3861 295 3906 8.
317 3874 342 3921 μ.
359 3860 415 3908 888.
432 3871 480 3907 uec
491 3864 575 3908 tamen
591 3865 664 3909 truta
674 3872 797 3924 aquarum
837 3864 953 3914 obesiore
965 3864 1040 3928 penio
1056 3875 1165 3926 corpore
1183 3859 1282 3925 errent,
1299 3871 1364 3913 ertu

270 3933 345 3995 eopia
355 3931 574 3981 terracinundari.
837 3939 978 3987 accedente
990 3937 1145 4001 periclitari:
1170 3937 1216 4004 qni
1232 3939 1366 4002 graciliore

303 4005 313 4038 ¹
329 4005 416 4055 Omnia
423 4005 564 4068 plmileeie]
576 4007 641 4059 Hree
650 4009 751 4060 Plinius
762 4025 796 4060 ex
836 4019 864 4064 et
875 4013 954 4070 ricco,
964 4012 1056 4064 eodem
1069 4012 1220 4064 recedente.

271 4079 371 4129 Seneca
382 4083 475 4130 Nntnr.
486 4082 586 4133 Queat.
596 4097 639 4133 ιιι.
651 4087 691 4134 28.
704 4098 729 4147 p.
739 4089 796 4135 ert.
865 4089 874 4134 t
891 4089 922 4138 Ia
935 4089 1039 4153 Gallico]
1057 4089 1091 4138 Et
1103 4089 1129 4138 in
1141 4089 1279 4140 Atlantico
1286 4091 1369 4155 J'nxta

272 4153 316 4202 ubi
327 4155 403 4204 etiam
422 4155 495 4206 addit
513 4157 664 4221 quibusdam
677 4160 727 4210 hoc
738 4159 794 4211 ion·
835 4164 932 4230 Gades,
941 4173 972 4216 ut
982 4163 1062 4218 refert
1071 4165 1247 4216 Philostratus
1259 4165 1292 4216 de
1304 4165 1368 4216 Vita
