3006 4874
422 397 554 448 nncrro
579 397 617 448 ιι.
642 398 757 448 rauci
782 398 964 450 ornantur.
1162 389 1229 455 tlt

136 553 219 616 bros
232 550 408 616 Oribasius
423 553 466 618 ad
481 551 615 617 verbum
631 553 875 635 transcripserit
890 567 945 616 ιιι.
961 571 1001 618 ac
1017 567 1088 618 xit.
1101 553 1230 624 Collec-

137 662 261 730 torum,
283 671 350 717 uno
373 651 581 717 Dioscuridis
594 653 727 716 nomine
753 658 927 718 contentos
948 656 1091 737 patriam
1109 662 1230 727 omisit

141 750 267 816 Aetius
298 751 489 817 Oribasium
524 752 685 828 imitatur,
714 752 839 817 Paulus
865 753 1023 836 AEgineta
1044 757 1131 824 libro
1160 778 1229 827 vrr.

139 853 230 916 idem
256 852 433 918 observat.
457 853 546 919 libro
563 871 612 919 ιν.
656 853 887 918 Dioscoridem
902 858 1064 938 quendam
1079 857 1229 927 Alexan·

140 953 271 1026 drirmm
296 962 410 1032 vocat,
437 954 476 1018 G.
505 954 639 1038 quidam
671 954 801 1019 Plinius
841 955 974 1022 Galcno
996 958 1125 1040 junior,
1139 982 1181 1027 cu
1196 984 1229 1028 nr

141 1073 240 1137 ¹saepe
263 1057 410 1120 nominet
431 1054 664 1120 Dioscoridem
680 1055 765 1120 libro
782 1073 832 1119 tv.
844 1076 1014 1140 nunquam
1029 1062 1148 1142 patriae
1163 1082 1231 1128 me·

144 1156 250 1232 minit,
266 1156 311 1220 D.
328 1157 557 1242 Hieronymus
570 1157 656 1221 libro
670 1157 819 1222 meando
838 1157 996 1224 adversus
1014 1160 1231 1229 Joviniunom

144 1257 382 1322 Dioscoridem
396 1258 592 1342 simpliciter
605 1256 701 1334 dixit,
716 1277 778 1323 aec
790 1259 899 1322 minus
913 1258 1133 1326 Cassiodorus
1146 1265 1231 1329 libro

144 1358 188 1422 de
211 1357 344 1423 Divinis
363 1359 572 1436 lectionibus,
596 1357 694 1441 cnjus
718 1378 794 1423 cum
809 1359 1076 1442 frequentissime
1091 1362 1231 1446 Serapio

144 1460 333 1523 meminerit
346 1459 382 1522 in
403 1457 629 1522 describendis
646 1459 857 1541 simplicibus
871 1461 1133 1542 medicamentis,
1151 1483 1232 1527 nus-

143 1579 245 1643 quam
260 1560 380 1643 patriae
392 1559 553 1624 rationem
566 1559 697 1637 babuit,
710 1579 809 1643 quam
821 1561 976 1643 antiquus
986 1580 1119 1646 quoque
1132 1565 1232 1628 Dios·

144 1660 268 1724 coridis
292 1660 463 1746 interpres
484 1661 656 1743 preteriit,
681 1661 836 1724 omnibus
858 1662 1029 1744 antiquior
1044 1663 1231 1744 Erotianus,

143 1779 223 1825 conr
245 1761 476 1826 Dioscoridem
492 1761 657 1844 qnondam
678 1768 895 1842 cognomento
914 1761 1061 1826 Pbacam
1083 1765 1233 1846 appella·

144 1871 217 1928 tem
231 1862 334 1926 fuisse
348 1861 484 1937 scribat,
497 1869 610 1926 tamen
625 1861 778 1926 Materiae
791 1860 936 1926 Medica
950 1863 1144 1945 scriptorem
1155 1863 1233 1930 solo

147 1962 359 2027 Dioscoridis
373 1962 503 2026 nomine
519 1962 734 2042 significavit:
769 1963 862 2026 solus
876 1961 1025 2028 Galenus
1046 1965 1234 2046 saepissime

148 2062 380 2128 Dioscoridem
393 2062 481 2125 hunc
491 2061 584 2125 nudo
595 2064 727 2127 nomine
737 2064 862 2142 citarit,
875 2082 1107 2147 nonnunquam
1122 2067 1234 2148 patria

144 2163 226 2227 tecit
246 2162 488 2238 Anazarbeum,
503 2164 625 2247 quibus
647 2163 681 2225 in
701 2161 788 2226 locis
809 2164 963 2244 antiquus
981 2163 1144 2247 interpres
1157 2184 1233 2247 neg·

146 2265 235 2328 lecta
261 2265 378 2348 patriae
399 2265 566 2327 mentione
583 2263 712 2328 videtur
729 2283 792 2327 non
811 2263 934 2344 legisse
958 2263 1234 2330 ‘Anazarbeunu’

148 2367 205 2432 Ita
224 2367 272 2443 fit,
290 2373 329 2429 nt
351 2364 439 2448 qnod
461 2364 608 2448 plerique
632 2366 759 2442 volunt,
773 2383 840 2430 non
863 2365 908 2429 sit
930 2366 1015 2429 adeo
1037 2365 1165 2430 firmum
1191 2385 1252 2448 ac,

147 2472 315 2543 constans,
331 2464 722 2530 Dioscoridemnostrnm
734 2461 1090 2543 suisseAnazarbeum,
1100 2467 1235 2531 tametsi

146 2588 262 2634 verum
276 2568 319 2631 sit
333 2561 468 2630 auctore
490 2566 660 2648 praeoipne
683 2565 852 2649 Stephano
870 2566 1036 2649 Byzantio
1058 2567 1233 2632 Dioscori-

148 2670 224 2733 dem
247 2667 415 2752 quendam
437 2666 600 2731 medicum
621 2665 726 2731 fuisse
747 2666 991 2732 Anazarbeum.
1030 2667 1135 2731 >Subit
1155 2667 1237 2732 mibi

150 2767 331 2852 aliquando
347 2765 512 2848 suspicari
527 2767 678 2848 ignarum
694 2767 885 2848 quempiam
895 2766 1008 2849 plnres
1018 2767 1236 2833 Dioscorides

150 2874 255 2934 artem
275 2867 437 2932 medicam
458 2865 530 2930 suis
548 2851 792 2930 commentariis
811 2865 1001 2941 illustrasse,
1016 2864 1114 2948 hujus
1131 2866 1237 2948 ipsius

151 2967 327 3050 scriptoris
341 2966 495 3050 Byzantii
509 2966 561 3031 vel
578 2965 694 3031 strider
710 2966 912 3030 auctoritate
928 2965 1121 3048 impulsum,
1137 2966 1238 3031 Dios-

150 3066 274 3131 curidis
286 3067 405 3148 patriae
419 3063 588 3131 Anazarbi
602 3084 720 3130 nomen
735 3065 914 3142 addidisse,
931 3066 1020 3149 quod
1041 3066 1075 3130 in
1091 3067 1236 3150 antiquis

152 3166 364 3233 Dioscoridis
386 3172 445 3234 aut
461 3165 582 3232 Gelani
601 3185 736 3249 operum
750 3166 915 3248 exemplis
937 3167 1021 3230 sorte
1036 3166 1238 3230 desiderare·

151 3277 223 3336 tur:
248 3286 361 3332 verum
374 3267 535 3350 quoniam
554 3273 624 3332 tum
646 3268 876 3350 manuscripta
894 3266 1104 3331 Dioscoridis
1125 3284 1238 3329 exem·

155 3371 224 3453 plu,
240 3374 311 3434 tum
327 3367 462 3446 Gelani,
477 3374 514 3432 ut
528 3367 693 3432 editiones
708 3366 849 3432 Graecas
863 3367 1099 3450 impressomm
1114 3367 1237 3430 missas

154 3470 326 3545 iaciamus,
340 3469 458 3551 patriae
473 3469 673 3533 mentionem
685 3468 807 3532 babent
821 3467 1023 3551 adjunctam,
1035 3466 1077 3531 de
1087 3466 1151 3532 hoc
1162 3468 1240 3532 nolo

156 3570 360 3652 pertinacius
373 3569 583 3648 contendere,
604 3574 643 3636 ut
661 3569 741 3633 mibi
756 3587 913 3634 assensus
928 3569 1127 3652 praebeatur.
1171 3567 1239 3633 Sed

156 3690 233 3736 cum
255 3672 371 3734 ceteris
400 3671 569 3754 professus
592 3669 827 3735 Dioscoridem
854 3667 941 3734 hunc
966 3669 1070 3735 luisse
1093 3667 1240 3734 Anazar-

155 3771 266 3850 beum,
287 3772 417 3835 etiamsi
435 3778 558 3853 praeter
570 3769 799 3836 Anazarbeum
821 3771 904 3836 alter
920 3771 1021 3835 fuerit
1043 3768 1242 3834 Alexandri·

155 3891 231 3952 uus,
261 3871 373 3936 tertius
397 3871 509 3955 junior
540 3891 644 3956 penes
672 3871 875 3950 Erotianum,
912 3879 945 3936 et
976 3871 1155 3947 Galenum,
1183 3869 1240 3952 qni

156 3981 310 4058 quartum
324 3971 452 4038 addidit
463 3971 636 4048 Tuscum,
650 3972 816 4055 quintode
826 3971 946 4055 comp.
957 3969 1049 4034 Med.
1060 3967 1242 4034 secundum

158 4092 272 4156 genera
287 4092 363 4154 cap.
376 4072 431 4137 15.
446 4078 559 4137 tamen
573 4072 652 4136 nole
667 4071 809 4137 eundem
822 4092 899 4137 cum
912 4069 1109 4135 Anazarbeo
1125 4067 1240 4136 Snidac

158 4173 425 4253 confundimur
447 4172 521 4260 ejus
543 4175 667 4260 operis,
682 4171 777 4257 quod
790 4172 888 4256 hujus
907 4171 1027 4256 ipsios,
1051 4187 1147 4256 quem
1170 4189 1241 4254 prat
