3006 4874
445 397 577 450 nucrro
602 400 642 450 ιι.
666 398 781 448 rauci
806 399 987 450 creantur.
1195 385 1258 450 127

171 538 286 603 vocari
301 539 386 604 libro
402 541 554 606 secundo
572 541 791 607 Dioscorides
806 543 935 619 scribit,
950 550 986 608 et
999 543 1146 608 vicissim
1158 543 1259 628 Lepi-

170 637 262 705 dium
276 641 321 704 ab
335 641 412 705 eliis
424 643 590 724 appellari
607 643 813 723 Giugidium,
828 645 917 727 quod
929 644 1056 710 idcirco
1068 647 1117 710 sic
1132 644 1259 709 dictum

170 761 236 806 non
252 750 346 826 puto,
361 743 442 827 quia
456 750 631 826 utrumque
647 743 754 826 effigie
768 745 875 808 simile
892 747 948 823 sit,
964 766 1041 810 cum
1055 746 1195 830 lepidio
1207 747 1258 811 lo-

167 842 217 920 ¹lia
228 844 294 908 sint
307 843 395 909 haud
405 844 583 909 dissimilia
594 845 707 922 Lauri,
719 845 875 928 Gingidio
886 847 1058 928 sylvestris
1068 847 1258 914 Pastinacee

166 933 273 1027 vpenes
297 946 543 1022 Dioscoridem,
568 964 671 1029 penes
697 944 841 1011 Paulum
867 947 1054 1026 AEginetam
1078 947 1259 1028 Scandici;

171 1051 229 1110 aut
252 1046 463 1111 Pastioacem
490 1047 697 1130 sylvestrem,
712 1066 811 1130 quam
834 1047 999 1111 hactenus
1019 1049 1065 1112 sit
1082 1047 1258 1126 creditum,

170 1143 274 1209 aliam
293 1165 369 1210 esse
389 1153 530 1230 oportet.
573 1148 663 1212 Casu
688 1149 788 1230 igitur
812 1141 926 1232 potius
947 1149 997 1212 sic
1012 1136 1153 1214 ¹vocales
1173 1150 1258 1214 duas

170 1248 303 1330 plantas
319 1247 500 1312 dissimiles
515 1268 592 1312 esse
606 1247 811 1313 crediderim.
855 1247 957 1327 Quod
975 1267 1055 1312 vero
1075 1248 1257 1314 ‘herbula’

171 1347 346 1431 lepidium
367 1349 506 1436 dicatur,
525 1369 567 1414 ea
586 1352 713 1414 ratione
736 1369 835 1432 quam
849 1357 949 1432 putat
961 1348 1173 1428 Matthiolus,
1194 1370 1256 1417 suo

171 1451 279 1532 ipsius
294 1450 410 1534 clypeo
425 1451 526 1515 ictum
541 1450 680 1534 repello,
696 1451 754 1533 qui
775 1449 1006 1514 Chelidonium
1025 1450 1134 1515 miuus
1152 1451 1257 1533 paolo

170 1552 353 1618 minoribus
381 1550 473 1616 feliis
500 1571 600 1634 quam
631 1551 808 1633 lepidium
838 1551 1102 1632 representavit,
1133 1552 1256 1635 quique

171 1649 343 1716 Ariserum
356 1653 456 1716 nobis
468 1652 637 1735 expressit
647 1651 737 1715 loliis
753 1650 811 1716 Ari
824 1650 1012 1728 simillimis,
1027 1649 1110 1714 licet
1123 1652 1258 1716 minori·

172 1753 248 1830 bus,
261 1752 487 1836 magnitudine
501 1753 584 1816 nihil
599 1752 754 1817 Laurinis
769 1751 990 1834 interioribus,
1004 1771 1047 1815 ne
1062 1750 1174 1815 dicam
1188 1771 1257 1816 ma-

166 1853 308 1936 juribus,
318 1853 450 1918 tametsi
460 1853 919 1919 Dioscorideschelidonium
930 1851 1257 1916 minusrherbidem’
1386 1897 1389 1905 -

172 1953 401 2038 appellaverit,
407 1952 580 2017 Arisarum
592 1971 658 2017 non
673 1958 684 1987 ‘
696 1952 868 2018 herbulam
881 1951 890 1977 '
904 1952 1015 2029 modo,
1026 1971 1139 2016 verum
1155 1952 1255 2016 etiam

171 2053 531 2136 ‘exiguamherbulam'
540 2054 624 2124 libro
634 2053 780 2118 secundo
792 2052 974 2129 vocaverit,
984 2052 1094 2138 μικρὸν,
1103 2051 1258 2132 videlicet

171 2153 310 2232 βατάνιαν,
325 2155 415 2230 sicut
429 2153 607 2238 Lepidium
630 2151 757 2232 βαιάνιαι
772 2161 910 2228 tantum,
923 2171 992 2234 quo
1007 2152 1045 2216 fit
1063 2160 1102 2215 ut
1122 2151 1256 2216 credam

173 2254 381 2319 ‘herbulam'
392 2273 628 2338 nonnunquam
641 2253 875 2318 Dioscoridem
887 2272 963 2317 eam
975 2250 1181 2335 appellasse,
1192 2269 1257 2315 uon

173 2374 249 2436 quae
261 2355 384 2438 pusilla
396 2355 476 2419 lolia
490 2355 659 2438 proterret,
668 2355 726 2420 sed
738 2354 859 2439 quaein
870 2353 1075 2417 altitudinem
1083 2352 1257 2426 minimum

172 2456 388 2534 attolleretur,
402 2462 441 2520 ut
456 2455 825 2532 Chelidonium‘minus,
839 2462 875 2519 et
889 2454 1061 2520 brisarum
1075 2473 1084 2532 3
1107 2473 1256 2517 nonnun-

174 2575 286 2640 quam¹
299 2557 400 2638 etiam
428 2558 621 2623 abutentem
647 2557 812 2622 vocabulo
835 2554 1044 2620 ‘herbulam'
1067 2554 1255 2638 appellasse

174 2677 250 2723 curn
262 2657 382 2724 frutice
396 2659 631 2737 conterentem,
645 2676 714 2742 quo
729 2653 783 2721 rel
797 2656 865 2722 alta
879 2655 1031 2732 cubitum
1042 2674 1139 2718 unum
1153 2655 1257 2719 herba

174 2757 269 2822 valde
287 2757 394 2822 minor
411 2755 477 2822 dici
500 2759 602 2823 abeo
626 2755 804 2822 ‘herbula’
824 2755 946 2838 potuit,
967 2753 1135 2838 quomodo
1164 2773 1257 2818 men·

175 2865 243 2922 tam
265 2856 473 2921 ‘herbulam’
495 2859 567 2924 sive
590 2856 715 2936 βατάνιον
738 2855 927 2940 appellavit,
942 2872 1132 2936 quanquam
1146 2855 1256 2917 altitu·

174 2958 251 3024 dine
265 2977 363 3042 prone
376 2958 515 3022 cubitali
537 2958 609 3042 eJ'us
626 2958 733 3022 caulis
749 2961 888 3031 crescat,
902 2953 1048 3018 maxime
1063 2972 1143 3018 vero
1158 2951 1257 3036 Lepi·

175 3059 278 3136 dium,
287 3057 376 3141 quod
385 3060 487 3123 altius
495 3059 596 3124 etiam
609 3057 787 3138 attollitur3
795 3075 858 3120 nec
869 3054 1109 3120 destituebatur
1119 3062 1256 3121 auctore

175 3158 406 3236 Dioscorides,
428 3178 525 3242 quem
546 3160 581 3222 in
602 3159 667 3222 boc
691 3158 884 3234 imitaretur,
907 3175 983 3219 cum
1005 3152 1257 3236 Tbeophrastus

176 3278 307 3343 quoque
326 3257 533 3323 definitiones
553 3257 678 3338 herba,
699 3255 888 3334 suffruticis,
913 3255 1053 3332 fruticis,
1078 3259 1112 3318 et
1130 3255 1258 3320 arboris

176 3367 294 3424 auctor
305 3359 427 3423 limites
449 3359 515 3422 sibi
538 3359 738 3424 constitutos
760 3356 923 3420 interdum
942 3373 1107 3437 egressus,
1131 3354 1257 3418 violam

175 3461 301 3542 nigram
315 3477 392 3523 cum
409 3457 594 3530 fruticibus,
610 3479 651 3524 ac
663 3457 889 3523 soil'ruticibus
904 3474 1023 3532 rosam,
1038 3461 1072 3520 et
1085 3453 1161 3520 aliis
1175 3473 1257 3519 non·

175 3560 278 3626 nullis
292 3561 504 3625 recensuerit.
549 3559 671 3624 Omnia
680 3559 779 3642 igitur
787 3557 822 3619 in
833 3575 932 3620 unum
945 3555 1152 3620 conterentes
1165 3555 1257 3620 dice·.

176 3679 251 3725 mus
266 3659 496 3726 Dioscoridem
520 3660 686 3724 inuentam
709 3675 730 3724 a
752 3656 950 3721 Democrote
972 3655 1134 3721 Iberidem
1155 3677 1257 3738 agno·

176 3762 277 3838 risse,
292 3766 325 3826 et
340 3779 381 3826 eo
395 3760 608 3844 posteriorem
620 3759 663 3824 ab
679 3757 814 3821 interitu
830 3755 864 3820 N
866 3756 982 3820 aronis·
995 3756 1184 3839 scripsisse,
1197 3757 1257 3822 sed

179 3861 318 3926 lberidis
332 3861 471 3925 historia
483 3861 516 3924 in
529 3855 727 3924 Dioscorida
738 3855 892 3934 abundet,
903 3848 1079 3922 accesserit
1090 3858 1133 3920 ab
1145 3856 1257 3938 aliquo

177 3962 225 4028 rei
253 3961 416 4025 herbariae
440 3960 563 4042 ignaro,
585 3960 636 4023 sic
663 3953 925 4039 expungendam.
969 3955 1097 4021 Tamen
1123 3953 1257 4036 Lepidii

178 4061 394 4127 Dioscorides
407 4059 565 4137 meminit,
580 4057 669 4142 quod
684 4056 832 4140 plerique
848 4072 963 4118 omnes
984 4052 1073 4118 idem
1089 4071 1166 4117 curn
1181 4053 1257 4118 lbe-

177 4163 249 4230 ride
264 4161 476 4228 Democratis
489 4178 564 4226 esse
578 4155 779 4224 contendunt
793 4175 800 4214 :
831 4172 893 4241 ego
907 4152 1075 4220 diversum
1089 4151 1258 4232 saciacus
