3016 4876
237 393 260 457 6
527 405 722 456 cessario
744 405 797 453 uo.
820 403 1027 452 usnnurru.

239 558 347 616 torum
363 549 516 630 sudores,
535 548 637 612 veluti
660 545 866 630 postliminio
888 545 1091 610 restitutum:
1115 543 1145 606 si
1169 543 1325 608 emenda·

238 653 381 728 tissima,
397 669 472 733 quaa
487 648 646 713 mendosa
660 647 838 712 hactenus:
862 648 892 710 si
907 645 1092 729 explanata
1105 646 1228 722 omnia,
1247 663 1324 729 qum

239 753 334 816 tetris
349 750 458 815 adhuc
473 749 619 814 obducta
633 747 779 812 tenebris
794 746 1023 824 credebantur,
1046 747 1110 810 hoc
1132 748 1246 829 operis
1265 746 1325 809 bu-

234 853 334 935 jusce
347 851 462 916 limine
484 849 696 934 profitemur:
718 849 793 932 quis
813 867 882 913 non
906 849 1121 931 arrogantius,
1141 847 1326 912 ambitiosi·

239 972 346 1036 usque
360 952 497 1028 dictum,
510 969 609 1035 quarn
624 952 732 1016 verim
748 952 866 1034 putati
910 949 1022 1032 Atque
1040 949 1075 1013 id
1089 958 1199 1014 tamen
1213 949 1326 1032 ipsum

239 1054 304 1118 nisi
319 1054 466 1118 maxima
481 1057 631 1135 exparte
650 1053 695 1116 sit
717 1051 917 1134 praestitum,
932 1051 1010 1132 quis
1033 1068 1097 1114 non
1117 1055 1262 1113 nostram
1276 1048 1325 1110 in·

239 1155 341 1218 aniter
354 1153 554 1218 collocatam
570 1170 717 1236 operam,
741 1169 782 1214 ac
801 1169 898 1234 spem
913 1148 1032 1214 deinde
1050 1149 1253 1214 eruditomm
1269 1148 1334 1218 de-¹

239 1255 348 1320 lusam
362 1254 550 1319 exclamet‘t
594 1252 699 1326 Plane
713 1259 752 1318 ut
766 1253 795 1318 si
811 1253 908 1338 plura
922 1252 1071 1335 polliceri
1085 1251 1212 1326 videar,
1226 1269 1325 1333 quarn

239 1361 292 1421 tot
305 1357 512 1438 ingeniorum
527 1355 653 1419 lumina
674 1354 788 1418 videre
811 1354 990 1437 potuerint,
1005 1353 1109 1417 fides:
1133 1351 1185 1414 vel
1211 1350 1241 1413 si
1264 1353 1326 1414 mi-

239 1476 304 1522 nus
317 1463 485 1541 praestem,
498 1474 598 1539 quam
612 1457 656 1520 sit
669 1453 837 1520 bominum
856 1455 1062 1537 expectatio,
1076 1453 1165 1518 ionia
1178 1451 1234 1515 hic
1248 1470 1326 1516 nos-

239 1565 293 1624 tra
305 1557 521 1641 periclitetur,
534 1557 807 1640 existimatioque
821 1557 940 1640 operis.

275 1653 403 1725 'Dicam
420 1667 540 1736 tamen,
560 1659 641 1724 nibil
659 1658 953 1742 reprehensionem
967 1654 1102 1731 veritus,
1118 1661 1175 1720 aut
1194 1657 1326 1740 jactan-

242 1762 300 1826 tiae
316 1770 446 1828 notam:
468 1769 596 1844 quanto
610 1780 684 1824 sum
699 1760 776 1837 illis,
797 1759 857 1843 qui
872 1765 948 1824 ante
964 1777 1016 1821 me
1029 1759 1063 1821 in
1076 1756 1141 1822 bac
1155 1775 1254 1821 arena
1267 1757 1326 1822 de-

240 1863 410 1940 sudarunt,
426 1863 558 1945 ingenio
573 1862 804 1945 industriaque
818 1860 962 1937 inferior,
971 1865 1060 1924 tanto
1075 1877 1128 1922 me
1139 1860 1217 1941 plus
1230 1859 1326 1924 labo-

239 1963 285 2027 ris
300 1971 333 2034 et
343 1964 505 2029 diuturnae
521 1983 622 2042 curae,
637 1964 713 2048 quae'
728 1965 762 2027 in
776 1963 841 2028 hoc
862 1961 1048 2027 studiorum
1064 1979 1178 2042 genere
1192 1961 1325 2043 potissi-

239 2084 330 2129 mum
346 2065 543 2141 dominatur,
568 2072 662 2130 tanto
685 2065 764 2149 plus
779 2064 866 2130 adeo
880 2065 954 2150 opis
968 2064 1012 2128 ad
1027 2063 1137 2145 operis
1151 2062 1251 2145 bujus
1267 2065 1326 2127 ab

239 2167 436 2232 solutionem
467 2168 630 2232 attulisse.
676 2167 803 2232 Facere
834 2167 946 2249 itaque
973 2163 1007 2228 id
1036 2183 1110 2228 sum
1141 2181 1326 2246 aggressus

238 2268 329 2351 quod
352 2274 429 2332 ante
452 2287 505 2332 me
530 2287 638 2345 uerno,
660 2275 696 2332 ut
723 2269 850 2353 sylvam
874 2267 961 2330 banc
985 2265 1177 2342 literarium,
1201 2276 1327 2349 quanta

239 2377 367 2454 quanta
382 2374 445 2447 est,
467 2376 573 2434 totam
596 2386 830 2452 percurrerem,
847 2370 952 2433 lustra
974 2373 1150 2443 scrutarer,
1166 2372 1327 2430 monstra-

238 2487 304 2554 que
331 2487 474 2534 errorum
504 2470 628 2548 omnia,
654 2471 774 2555 quibus
796 2489 836 2534 ea
859 2475 1010 2546 scateret,
1037 2469 1167 2532 minora
1190 2467 1327 2551 quidem

237 2589 338 2653 quarn
353 2569 535 2648 Herculea,
550 2570 610 2634 sed
623 2571 736 2636 multis
759 2571 857 2654 longe
873 2572 1026 2654 partibus
1042 2571 1147 2654 plura,
1169 2569 1326 2654 profliga-

238 2689 316 2735 rem.

282 2771 392 2838 Debet
406 2771 505 2856 hujus
521 2774 632 2856 operis
645 2772 846 2857 suscipiendi
868 2772 1129 2856 expoliendique
1153 2773 1327 2838 consilium
1416 2826 1418 2832 s

236 2873 407 2938 literarum
422 2873 615 2957 respublica
631 2873 922 2939 Excellentissimo
947 2877 1019 2939 riro
1046 2873 1171 2939 Garolo
1187 2875 1328 2940 Sancta·

237 2993 395 3054 mauraeo,
421 2975 510 3039 Duci
536 2975 766 3053 Montauserii,
793 2996 859 3041 non
886 2979 976 3043 cirili
998 2978 1100 3042 modo
1126 2977 1327 3060 militarique

236 3077 416 3161 prudentia
436 3075 577 3161 inclyto,
592 3095 660 3160 qua
674 3083 793 3160 preater
806 3079 989 3144 claritatem
1004 3080 1133 3160 generis
1148 3080 1237 3144 viam
1262 3079 1327 3142 sibi

238 3178 282 3244 ad
297 3179 437 3261 gratiam
452 3177 619 3261 Principis
630 3186 664 3243 et
680 3199 828 3244 summos
842 3181 985 3245 honores
996 3180 1091 3246 iecit:
1108 3180 1168 3244 sed
1182 3180 1327 3244 literatae

237 3281 338 3346 etiarn
354 3280 532 3362 sapientiae
549 3280 681 3344 alumno
695 3299 735 3344 ac
748 3288 906 3363 patrono:
929 3282 983 3345 cui
1000 3301 1037 3345 se
1049 3280 1106 3345 illo
1121 3282 1170 3344 sic
1185 3280 1327 3359 addixit,

236 3387 275 3444 ut
283 3381 354 3464 jam
368 3379 482 3444 studia
496 3386 530 3444 et
542 3380 754 3446 humanitatis
770 3387 859 3445 artes
875 3400 935 3465 per
954 3382 1068 3465 ipsum
1084 3383 1118 3446 in
1134 3381 1249 3447 Gallia
1268 3402 1328 3470 pa-

235 3483 344 3558 triam,
355 3482 560 3562 sanguinem,
572 3483 789 3567 spiritumque
800 3485 1000 3568 receperint:
1015 3485 1073 3567 qui
1089 3504 1164 3548 cum
1178 3491 1270 3550 esset
1282 3485 1326 3548 ab

237 3581 519 3646 Christianissimo
534 3582 630 3665 Rege
640 3584 815 3650 liudovico
829 3584 956 3666 Magno
966 3584 1176 3649 serenissimi
1187 3584 1327 3668 Delphi·

235 3683 270 3748 ni
284 3683 484 3748 institutioni
499 3685 716 3767 praepositus,
727 3693 768 3750 ut
782 3687 815 3750 ei
830 3692 978 3751 veterum
990 3692 1206 3778 monumenta
1216 3686 1328 3750 omnia

235 3783 453 3867 pernoscendi
469 3785 684 3869 cupiditatem
697 3788 835 3865 afflavit,
851 3788 899 3853 sic
915 3788 1046 3872 privata
1061 3787 1151 3850 illius
1166 3787 1329 3856 studiant

235 3885 270 3947 in
284 3883 456 3966 publicam
469 3886 570 3950 simul
586 3888 677 3952 orbis
692 3889 795 3953 totius
809 3889 1029 3953 redundarent
1044 3889 1231 3965 utilitatem,
1248 3907 1327 3953 auc-

236 3989 288 4048 tor
309 3985 380 4049 fuit.
417 3984 580 4051 'Accessit
595 3990 704 4052 etiam
721 3990 783 4053 viri
805 3988 1029 4054 illustrissimi
1043 3989 1170 4054 'Jacobi
1186 3990 1327 4072 Benigni

166 4140 172 4156 ,
237 4085 420 4165 Bossuctii,
432 4085 674 4154 condomensis
687 4089 779 4167 olim,
792 4097 887 4154 nunc·
896 4109 974 4155 vero
990 4087 1173 4154 Meldensis
1185 4087 1329 4173 Episccs

235 4187 283 4269 pi,
299 4189 481 4255 auctoritas
495 4210 503 4253 ι
519 4209 615 4273 quam
628 4189 733 4256 virum
745 4211 820 4258 curu
834 4192 956 4260 divinis
971 4192 1094 4276 pariter
1106 4192 1326 4276 humanisque
