3016 4876
260 315 305 382 80
599 333 646 382 nn
670 334 702 380 u.
726 331 844 382 enisu
870 332 1010 383 ennius

263 476 405 553 videtur,
428 493 528 557 quam
551 433 646 540 visus
668 474 826 542 beneficio
847 495 929 540 usus
946 476 1186 560 exscripsissa3
1208 483 1278 540 tam
1293 495 1349 541 vu·

263 579 326 655 ria,
349 585 418 641 tam
437 577 625 660 multiplex,
647 595 687 640 ae
701 575 877 641 dissimilis
891 585 943 640 est
957 578 1000 641 ab
1014 578 1059 642 iis
1071 578 1205 661 seriptis
1220 579 1347 660 consig-

262 686 354 742 nata.
397 676 567 742 Pantheus
581 697 723 760 namque
739 678 789 742 siu
803 696 876 742 eam
888 679 1019 744 retulit:

265 826 416 875 Pnlnivs
432 825 623 874 SBOVNDVS
638 825 764 874 AVGVR
782 825 895 873 nunni
910 827 1029 875 munst
1045 827 1255 875 uenenum
1266 827 1349 875 nu!-

264 927 444 977 nummo
469 927 571 974 tunm
597 925 726 974 lvssln.

306 1061 459 1126 Torellus
473 1059 620 1143 Sarayna
634 1061 670 1124 in
684 1059 769 1124 libro
785 1060 827 1123 de
843 1062 1040 1145 antiquitate
1052 1061 1194 1146 Ve'ronae.
1211 1061 1348 1127 eandem

266 1165 316 1227 sic
330 1164 447 1227 habere
462 1167 622 1226 testatur:

266 1295 417 1346 unimus
440 1293 631 1342 snuvsnvs
648 1293 733 1340 sva.
757 1292 952 1342 nuncium
976 1294 1204 1343 nuscanum
1229 1295 1347 1344 usual

267 1397 437 1446 nusnsni.
462 1395 610 1442 sunnin
634 1395 754 1442 usual
779 1363 1005 1444 ussaunein

744 1496 778 1544 u.
802 1497 834 1544 s.
858 1496 882 1541 ι.

310 1614 501 1680 Alexander
524 1613 724 1678 Benedictus
746 1614 781 1678 in
805 1614 960 1697 Epistola
975 1615 1017 1678 ad
1032 1614 1124 1679 cives
1138 1612 1348 1709 Veronenses

265 1720 308 1783 de
323 1716 480 1782 Naturali
495 1715 598 1779 Plinii
614 1714 765 1780 Historia
779 1734 800 1779 a
813 1735 850 1779 se
866 1715 1043 1780 emendata
1059 1715 1109 1779 sic
1123 1715 1223 1795 legit:

745 1849 871 1897 ..illivs

723 1947 894 1996 ..GVNDVS

747 2048 873 2094 AVGVR

731 2149 891 2198 ..Rolvlnt

778 2249 841 2296 ..111

700 2351 786 2398 ..ulti
809 2351 920 2399 l'A'l'Rl

698 2453 782 2500 ..ΜΕ
801 2453 921 2500 Manui

705 2552 918 2600 MARCELLAE

746 2653 780 2699 Τ.
804 2653 834 2698 F.
857 2655 880 2701 1.

315 2760 381 2825 Sed
392 2760 425 2823 in
438 2755 580 2820 Onusrio
595 2753 774 2830 Panvinio,
783 2751 871 2816 libro
883 2753 1058 2818 Fastorum
1076 2753 1232 2830 secundo,
1247 2773 1287 2816 ea
1302 2754 1355 2817 du·

272 2863 397 2946 scripta
409 2861 443 2924 in
455 2860 544 2923 hunc
556 2856 688 2921 modum
698 2854 808 2940 jacet:

717 2989 749 3037 0.
775 2989 806 3036 Ρ.
828 2988 908 3036 1va

764 3089 863 3138 ..Nnv

767 3191 863 3238 ..st

729 3292 903 3342 ...1³0thAE

739 3392 894 3442 ..GELLAE

782 3492 844 3540 ..m

705 3593 791 3644 ..Eltl
813 3592 925 3642 mm

705 3696 788 3744 ..ΜΕ
810 3694 929 3740 Manat

706 3795 926 3843 MAROELLAE·

751 3895 785 3940 T·
809 3894 840 3943 F.
864 3896 886 3940 1.

319 4017 454 4100 Quanta
467 4019 502 4082 in
514 4013 566 4081 his
580 4013 748 4096 exemplis
763 4031 807 4076 ex
821 4010 938 4075 eodem
949 4009 1196 4092 Epigrammata
1210 4007 1358 4091 descnp·

275 4124 321 4188 tis
335 4119 584 4206 differentiasit,
595 4121 722 4200 quanta
737 4111 987 4190 dissimilitudo,
1001 4129 1099 4176 nemo
1114 4131 1180 4177 nun
1191 4111 1292 4179 videt.
1313 4109 1360 4174 Ut
