3038 4880
257 383 323 450 476
623 363 654 442 c.
680 394 802 443 aurun
827 393 990 443 secuunr

256 543 359 608 latere
374 545 525 606 terreno⁴
537 539 620 604 sacti
629 539 773 623 parietes
785 538 909 604 minore
919 557 1009 603 noxa
1019 539 1226 623 quatiuntur.
1253 537 1347 620 Mag·

256 663 300 709 na
315 643 504 708 differentia
523 647 576 706 ert
589 647 623 706 et
636 643 670 706 in
689 642 767 725 ipro
788 659 906 724 genere
922 647 1054 707 motus:
1075 642 1228 724 pluribus
1243 641 1347 725 siqui-

256 745 331 810 dem
346 743 456 808 modis
469 744 626 827 quatitur.
646 741 865 808 Tutissimum
880 751 944 821 est,
961 762 1034 807 cum
1050 744 1159 807 vibrat
1174 743 1346 824 crispante

256 843 474 912 aedificiorum
497 846 650 928 crepitu:
672 850 705 909 et
720 863 794 909 cnm
809 840 1022 909 intumescit'
1041 861 1230 926 assurgens,
1251 845 1347 908 alter-

256 964 366 1030 noque
387 950 480 1010 motu
506 945 645 1010 residet:
667 945 837 1010 innoxium
858 953 894 1008 et
915 964 991 1010 cum
1015 945 1244 1009 concurrentia
1257 951 1346 1008 tecta

257 1047 423 1112 contrario
439 1047 509 1111 ictu
525 1045 687 1112 arietent:
710 1048 865 1130 quoniam
887 1047 971 1112 alter
991 1051 1100 1112 motus
1122 1046 1218 1110 elteri
1233 1046 1346 1110 reniti·

256 1155 323 1213 tur.
368 1147 535 1214 Undautis
551 1149 736 1228 inclinatio,
754 1157 788 1213 et
803 1147 949 1214 ductus5
972 1167 1064 1214 more
1079 1148 1237 1234 quaedam
1251 1147 1346 1212 rolu-

257 1251 343 1316 tatio
357 1249 481 1316 intesta
493 1255 564 1317 est:
587 1257 645 1316 aut
659 1269 735 1315 cnm
750 1252 786 1315 in
802 1270 901 1315 uuam
921 1259 1049 1335 partem
1069 1257 1161 1316 totus
1184 1269 1221 1315 se
1235 1255 1347 1314 motus

255 1352 408 1436 impellit.
451 1351 618 1418 Desinunt
631 1358 765 1417 autem·
784 1360 953 1431 tremores,
967 1371 1044 1417 cum
1058 1358 1178 1417 ventus
1193 1350 1347 1416 emersitr

256 1455 309 1519 sin
330 1473 411 1519 vero
433 1453 606 1533 duravere,
627 1475 693 1519 non
716 1463 795 1520 ante
820 1455 1042 1538 quadraginta
1066 1454 1140 1518 dies
1166 1453 1345 1517 sistuntur:

257 1555 451 1641 plerumque
465 1563 500 1621 et
514 1555 651 1635 tardius,
665 1563 782 1640 utpote
794 1575 872 1620 cum
895 1556 1032 1639 quidam
1052 1573 1162 1619 annuo
1176 1560 1210 1618 et
1222 1552 1345 1617 biennii

257 1657 370 1742 spatio
381 1655 582 1724 duraverint.

303 1773 456 1824 cxxxv.
477 1757 687 1844 (cxxxiii.)
709 1759 847 1823 Factum
877 1765 931 1823 est
956 1762 991 1822 et
1013 1757 1079 1822 loc
1101 1755 1232 1834 semel,¹
1255 1755 1347 1839 quod

255 1856 411 1941 equidem
432 1860 467 1924 in
481 1858 630 1923 Etruscae
644 1858 832 1942 discipliuae
846 1857 1072 1924 voluminibus
1088 1856 1209 1934 inveni,
1230 1859 1348 1938 ingens

255 1964 436 2022 terrarum·
465 1957 664 2043 portentum,
693 1959 733 2022 L.
759 1958 904 2036 Marcio,
929 1959 1010 2024 Sex.
1034 1955 1174 2023 tutio-⁶
1200 1953 1290 2022 c'oss.
1310 1959 1348 2021 in

255 2057 335 2140 egro
355 2057 555 2124 Mutinensi.
599 2058 754 2143 Namque
775 2068 902 2126 montes
924 2059 991 2124 duo
1012 2059 1095 2124 iuter
1116 2079 1154 2124 se
1175 2077 1349 2123 concurre·

255 2166 343 2238 runt,
358 2161 486 2243 crepitu
498 2162 646 2226 maximo
661 2162 874 2242 assultantes,
889 2161 1160 2246 recedentesque,
1171 2161 1257 2226 inter
1266 2167 1347 2224 eos³

256 2257 390 2326 flamma
409 2263 571 2345 fumoque
592 2265 626 2326 in
651 2263 774 2328 eoelum
795 2270 936 2328 exeunte
955 2262 1113 2340 interdiu,
1134 2268 1307 2346 spectante
1327 2281 1348 2325 e

255 2359 315 2424 via
327 2361 466 2427 AEmilia
479 2381 597 2445 magna
612 2365 763 2447 equitum
781 2363 1019 2441 Romanorum,
1034 2363 1300 2448 familiarumque
1314 2373 1350 2428 et

257 2461 419 2526 viatorum
446 2463 666 2528 multitudiue.
711 2465 763 2529 Eo
792 2483 956 2530 concursu
980 2466 1070 2530 villar
1094 2483 1208 2530 omnes
1230 2464 1346 2529 elisoe:

256 2561 414 2628 animalia
427 2565 600 2647 permulta,
617 2584 695 2649 quae
710 2566 796 2632 intra
809 2565 949 2646 fueraut,
960 2567 1152 2632 exanimata
1160 2571 1244 2644 suut,
1258 2585 1348 2632 anuo

713 2763 892 2786 om

255 2879 329 2932 terte,
337 2879 367 2924 ut
375 2874 401 2925 iu
410 2881 494 2934 textu,
502 2877 579 2927 codd.
589 2877 716 2929 llnrdulnl
726 2885 753 2929 et
762 2877 847 2930 chtffi.
856 2881 918 2929 item
928 2877 989 2930 edd.
1001 2877 1128 2930 Hardnin.
1140 2881 1165 2928 l.
1175 2883 1202 2928 1.
1211 2882 1238 2928 t.
1249 2877 1347 2930 Miller.

256 2940 362 3003 liipent.
374 2947 401 2990 et
413 2942 553 2990 Frena-t
574 2943 679 2994 lilntere
690 2951 785 2994 terrere
797 2954 850 2995 vet.
862 2945 1004 2994 Dulce-⁵
1022 2941 1106 2994 Clriffl.
1122 2947 1145 2993 et
1157 2943 1283 3008 ,rum

181 3039 192 3062 ,
289 3002 358 3051 Car.
370 3017 473 3052 cxxxv.
508 3010 520 3052 l
532 3005 574 3055 lta
586 3010 701 3059 restituit
712 3009 820 3058 Brotier
829 3023 861 3058 ex
872 3008 949 3058 codd.
961 3009 1024 3069 aeg.
1033 3015 1058 3058 5.
1071 3009 1146 3057 Rern.
1158 3015 1185 3057 et
1197 3008 1246 3056 Ed.
1260 3022 1300 3069 pr.
1311 3007 1348 3056 ite

275 3078 359 3128 noque
377 3067 482 3140 Venett.
493 3069 566 3117 llour.
579 3071 651 3119 Brix.
668 3079 695 3120 et
713 3080 765 3122 ret.
783 3073 895 3136 exempl.
913 3073 1018 3122 Emori.
1052 3073 1152 3123 Fuctrra
1161 3077 1194 3120 ert
1205 3073 1275 3121 renel
1287 3071 1348 3120 illd.

256 3128 646 3247 r.u..t·t¹··r;cerl÷
658 3133 764 3250 tut·
772 3136 863 3250 ru
883 3136 1348 3250 „amun-

255 3262 304 3308 -Ι
314 3257 459 3310 drahel·
468 3231 603 3311 cetu-e
611 3213 681 3314 0030
687 3233 777 3315 uuae.
799 3265 899 3316 urere.
928 3235 1012 3315 Piulo
1023 3271 1093 3330 port,
1106 3265 1133 3314 lu
1143 3263 1234 3314 eodem
1245 3232 1349 3324 codiee:

751 3425 858 3478 Now

288 3546 411 3601 'Etru
421 3550 568 3620 iurand]
583 3555 667 3609 Arlrt.
683 3557 784 3608 Meteo-
821 3573 868 3610 xv.
880 3564 921 3611 18.
938 3573 998 3624 μς.
1009 3563 1066 3610 518.
1084 3557 1122 3608 alc
1134 3557 1206 3608 illum
1217 3556 1353 3618 deacribit,

254 3626 303 3676 rol.
315 3640 347 3677 ιι.
358 3632 384 3680 8.
394 3644 421 3693 p.
429 3633 486 3680 tto.
821 3643 850 3686 ut
862 3632 1352 3699 uremmnteqflentmmtam·

287 3707 300 3743 Ι
315 3702 435 3754 Desinant
449 3705 540 3769 uetere]
558 3709 667 3773 Reliqua
678 3723 783 3773 prorsus
820 3727 871 3778 qne
882 3713 977 3779 deque,
987 3713 1056 3763 liora
1066 3719 1174 3762 uetante
1185 3725 1308 3775 perraras
1317 3727 1350 3762 eu

255 3774 404 3828 adverbum
413 3789 446 3828 ex
457 3778 605 3832 Aristoteltr
614 3783 709 3834 Graec
720 3797 782 3834 eeu·
822 3787 901 3838 fnisse
914 3788 1004 3839 dicet:
1022 3795 1050 3838 et
1069 3795 1156 3839 traete
1174 3787 1279 3852 quide·
1295 3787 1351 3837 lee-

255 3853 563 3919 conculcationem.
821 3877 909 3914 earnm
920 3869 1094 3914 mee-urum
1104 3863 1347 3914 oeeuudumltuur:

208 3941 210 3947 ⁴
287 3927 406 3988 *Insere
423 3930 551 3995 muer]
571 3930 705 3996 ingentius
718 3935 782 3984 rnul-
819 3939 1024 4004 septuagintnlu
1039 3938 1232 3989 contin-teme
1248 3939 1350 3988 Seuera

255 4003 361 4086 toquod
378 4005 519 4069 contigisse
534 4005 619 4058 fertur
629 4008 782 4062 uculeboe
821 4012 926 4064 iuterim
936 4012 1003 4062 lelna
1012 4013 1210 4078 pronuntiante,
1221 4027 1349 4076 ιιιιιιιιιιιιιι

254 4083 430 4133 ιιιοιιιιιοηιοιι
443 4081 781 4142 preeulLimeinPemvler
821 4093 898 4138 terrre
920 4095 1017 4137 metuar
1039 4087 1108 4137 ultre
1127 4087 1211 4137 millia
1228 4100 1351 4152 pureum

256 4153 334 4230 “2¹¹⁰
345 4159 429 4202 motus
436 4157 543 4220 scillcet,
553 4174 603 4222 quo
612 4173 662 4208 neu
673 4168 713 4212 ert
722 4175 783 4223 pro·
821 4162 934 4214 ducenta
942 4161 1058 4212 extendi.

255 4218 326 4269 ditur
337 4222 479 4280 immanior.
513 4233 653 4282 Furnerine
664 4233 782 4299 Hydreg.
852 4235 864 4272 l
879 4237 939 4288 lire.
949 4236 1029 4298 delio]
1045 4237 1120 4288 Anne
1130 4237 1163 4288 U·
1175 4237 1206 4289 C·
1216 4249 1317 4290 murra.
