3056 4878
513 381 599 428 rur.
623 380 721 430 urar.
747 381 818 429 ure.
843 383 883 428 ιι.
903 369 956 432 (13.
1211 373 1276 438 447

193 519 297 594 dines,
312 525 496 584 tumescunt
507 521 541 584 in
555 523 688 596 fluetus,
703 523 953 608 precipitantur
968 527 1002 589 in
1018 531 1198 592 torrentes:
1219 529 1276 594 aiir

193 621 349 685 densatur
372 622 526 698 nubibus,
549 622 629 688 furit
652 625 815 707 procellis.
859 625 907 689 A:
923 626 996 690 haec
1010 628 1159 709 benigna,
1173 628 1276 706 mitis,

191 721 376 804 indulgens,
390 721 556 804 ususqueh
571 726 754 790 mortalium
770 745 904 808 semper
917 727 1054 803 aneilla,
1069 746 1146 809 qure
1157 736 1276 794 coacte

191 822 343 904 generat!
358 841 433 903 qone
451 831 573 907 sponte
584 824 709 890 fundit!
724 845 811 909 quos
826 825 944 890 odores
956 829 1176 910 saporesque!
1192 849 1276 912 quos

191 923 329 988 moces!
355 941 440 1006 quos
455 925 583 989 tactust
605 945 689 1008 qnos
704 925 857 992 colores!
872 928 1075 1010 quambene
1089 927 1155 992 fide
1172 931 1276 996 oredi-

190 1030 261 1088 tum
271 1023 400 1088 soenns³
423 1024 552 1090 redditi
574 1045 650 1108 qnae
665 1028 770 1091 nostri
786 1047 886 1093 eausa
902 1029 982 1093 nlitl
1009 1027 1172 1094 Pestifem
1186 1033 1275 1097 enim

191 1124 374 1188 animantia
387 1125 482 1190 viteli
508 1124 645 1208 spiritui
670 1127 814 1192 habente
837 1129 984 1213 culpam,
1004 1145 1146 1195 neeesse
1161 1137 1212 1194 est
1226 1133 1276 1196 illi

191 1226 354 1290 seminata
367 1227 536 1310 excipere,
551 1232 585 1291 et
598 1229 710 1310 genita
732 1228 910 1292 sustinere.
954 1230 1022 1293 Sed
1038 1231 1071 1292 in
1087 1230 1182 1295 malis
1193 1238 1208 1279 ⁴
1220 1252 1277 1314 ge-

190 1325 371 1390 nerantium
402 1344 492 1392 noxe
519 1333 594 1391 est·
638 1328 705 1392 llla
733 1326 939 1412 serpentemj
961 1329 1094 1394 homine
1116 1351 1275 1414 percusso

189 1445 258 1490 non
273 1427 417 1510 amplius
430 1428 561 1510 recipit,
576 1448 755 1513 poenasque
777 1432 878 1494 etiam
891 1431 1045 1494 inertium
1059 1433 1189 1498 nomine
1204 1434 1275 1498 exi-

190 1529 256 1609 git:
279 1528 338 1591 illa
350 1529 497 1592 medieas
510 1528 619 1592 fundit
637 1528 766 1607 herbas,
788 1538 822 1594 et
843 1550 973 1614 semper
984 1532 1107 1596 homini
1122 1535 1274 1616 parturit.

191 1626 282 1705 Qnin
297 1635 333 1692 et
347 1631 474 1693 venena
487 1628 594 1693 nostri
609 1629 775 1693 misertum
788 1630 970 1694 instituisse
985 1632 1074 1695 credi
1084 1638 1218 1714 potest:
1233 1652 1276 1696 ne

189 1730 224 1794 iu
239 1729 343 1793 taedio
353 1730 431 1794 vitm
442 1729 560 1807 sames,
571 1727 681 1794 mors*
697 1739 791 1796 terra:
803 1733 929 1797 meritis
940 1733 1169 1811 alienissima,⁸
1181 1731 1276 1799 lente

188 1849 253 1896 nos
269 1835 476 1895 consumeret
490 1832 566 1895 tabe
579 1839 610 1891 :⁵
624 1851 666 1896 ne
680 1828 841 1897 lacemm¹
856 1851 977 1916 eorpus
994 1833 1136 1916 abmpta
1147 1833 1277 1918 disper·

190 1937 322 2014 gerent:
344 1950 386 1994 ne
409 1930 519 2014 laquei
534 1935 702 2014 torqueret
715 1951 816 2014 poena
830 1938 1045 2016 praepostera,
1061 1933 1193 1998 incluso
1208 1935 1276 2018 spi·

189 2032 265 2108 ritu,
279 2031 334 2096 cui
349 2038 548 2115 qomreretnr
562 2031 692 2097 exitus:
714 2050 755 2094 ne
774 2033 809 2095 in
824 2032 988 2114 prot'nndo
1001 2033 1143 2116 quesita
1156 2043 1275 2111 morte,

188 2134 358 2215 sepultura
375 2132 501 2215 pabulo
526 2130 634 2196 fieret:
662 2150 702 2194 ne
723 2130 798 2195 ferri
821 2133 991 2198 eruciatus
1014 2133 1176 2196 scinderet
1204 2154 1275 2198 cor·

188 2253 263 2316 pus.
307 2231 362 2296 Ita
388 2238 451 2309 est,
476 2234 609 2296 miserta
631 2231 740 2314 genuit
760 2231 822 2309 id,⁶
844 2223 939 2316 cujus
960 2233 1120 2297 facillimo
1141 2233 1274 2314 haustu,

189 2333 320 2397 illibato
336 2351 484 2415 corpore,
499 2339 534 2395 et
549 2351 625 2410 oum
641 2337 710 2395 toto
724 2332 882 2412 sanguine
894 2334 1168 2414 extingueremur,
1183 2335 1275 2400 nullo

189 2436 316 2509 labore,
344 2432 530 2498 sitientibus
553 2431 699 2496 similes:
737 2431 878 2514 qualiter
900 2431 1073 2496 defunctos
1094 2452 1162 2496 non
1183 2435 1275 2498 rolu-
1380 2462 1388 2486 ·

191 2536 267 2612 oris,
291 2553 357 2598 non
371 2533 442 2596 fera
456 2533 643 2615 attingeret,
667 2539 828 2615 terraeque
844 2539 1039 2610 servaretur,
1056 2532 1113 2615 qui
1129 2534 1193 2598 sibi
1209 2534 1276 2618 ipsi

222 2702 234 2725 ¹
253 2693 311 2743 l'otu
317 2693 480 2754 mortim
489 2694 556 2756 eulpa
566 2693 640 2754 ert,ri
650 2693 706 2756 perid
717 2694 774 2741 moli
783 2700 828 2742 ert.

221 2753 232 2790 ⁶
244 2757 313 2812 Quor
323 2756 405 2807 mortis
413 2763 588 2820 gmeeotrrroe
598 2757 691 2807 meritis
699 2761 723 2805 rt
734 2757 880 2818 benignitate
890 2759 957 2806 nnlde
967 2755 1083 2806 elimet.

190 3030 343 3094 imprecamur
352 3031 411 3079 irati
419 3033 548 3092 prore—l
566 3029 623 3078 Vox
634 3029 715 3090 ferus
731 3029 805 3078 deest
822 3030 847 3078 ln
865 3028 922 3078 eod.
934 3029 1073 3078 Doleo-t
1092 3027 1151 3076 Vet.
1163 3029 1275 3092 lestap.

191 3095 285 3144 Doleo.
296 3102 324 3143 et
335 3095 449 3144 Gronov.
459 3096 486 3143 in
497 3094 535 3142 lle
545 3094 671 3142 mulis-⁵
690 3092 731 3142 lte
742 3092 819 3143 codd.
830 3095 920 3144 Detee.
933 3093 1050 3143 et'l'olet.
1062 3093 1123 3141 item
1134 3091 1194 3142 edd.
1210 3093 1276 3140 llar-

190 3159 261 3208 dnin.
271 3163 294 3207 1.
306 3163 330 3208 2.
343 3163 367 3208 ⁸.
385 3159 478 3208 Miller.
491 3159 596 3221 Bipont.
608 3167 634 3206 et
647 3157 737 3207 Frena.
748 3173 777 3206 ae
787 3161 813 3206 in
824 3159 895 3206 tedio
905 3157 961 3206 eila
969 3155 1106 3213 diroesemir
1116 3169 1184 3212 mors,
1195 3161 1275 3211 terre,

189 3224 231 3284 ξε.
249 3221 310 3270 Alo.
320 3221 395 3273 lunt.
413 3221 493 3270 Basil.
506 3221 588 3282 and.
607 3222 703 3270 Erarm.
721 3219 827 3270 Franks.
841 3221 921 3284 Leyd.
934 3220 1025 3268 Datee.
1039 3217 1120 3278 and.
1133 3221 1203 3266 loon.
1221 3220 1275 3268 Ele.

189 3292 217 3334 et
228 3285 392 3335 (irenem—tl
409 3285 448 3333 ltu
463 3285 547 3344 genuit
558 3284 592 3339 id.
608 3284 706 3332 omissis
718 3285 821 3332 vocibur
835 3289 868 3332 ert
884 3284 990 3343 raberto,
1002 3281 1059 3330 eod.
1076 3281 1167 3330 Doleo.
1192 3281 1275 3330 Proto

190 3356 249 3412 poet
260 3356 311 3398 vet.
325 3349 386 3398 leet.
398 3363 439 3411 ep.
452 3349 541 3397 Delec-
552 3355 579 3396 et
589 3347 704 3397 Gronov.
715 3347 865 3396 ementitur
879 3347 974 3408 similer,
991 3360 1036 3408 qno
1052 3344 1132 3394 taliter
1149 3344 1276 3407 rideamne,

680 3473 784 3524 NO'l'AE

222 3567 372 3634 '’Umeqre]
387 3569 697 3633 Forterectiuaumique.
752 3573 802 3620 dte.
837 3571 911 3620 Prius
939 3569 1081 3633 legebatur,
1107 3582 1137 3618 ne
1157 3570 1183 3618 ia
1204 3569 1275 3619 tedio

222 3645 229 3678 ¹
250 3646 325 3696 Vitoii
342 3647 440 3712 spiritu]
456 3648 508 3698 ner
526 3649 551 3700 in
569 3651 645 3712 culpe
662 3657 713 3713 ert,
752 3648 877 3697 riioediroe
887 3646 964 3709 fomis
980 3661 1050 3709 omre,
1064 3649 1104 3708 ξι.
1120 3645 1275 3719 interpolato

192 3734 225 3771 ex
236 3735 286 3784 quo
302 3729 452 3773 cunctorum
469 3725 643 3787 animantium,
662 3739 715 3774 ser·
754 3721 832 3772 Plinii
844 3729 977 3772 contexto.

193 3795 359 3861 pentiunrque
370 3799 467 3846 semina
477 3799 597 3849 decidere
608 3800 714 3849 eredun-
788 3796 794 3829 ¹
810 3799 849 3847 Ne
859 3793 971 3860 lacerum]
987 3795 1031 3847 Ne
1041 3795 1109 3847 t'oret
1122 3809 1224 3848 neeesse
1241 3797 1274 3846 nd

192 3879 250 3923 tur:
267 3872 347 3922 'l'erre
364 3872 419 3936 ipra
435 3887 485 3924 non
502 3883 594 3938 sponte
608 3876 716 3939 exeipit,
754 3872 851 3921 exitum
874 3873 933 3921 rite
954 3870 1144 3934 inveniendum,
1164 3886 1220 3920 sese
1239 3886 1275 3946 Ιει

192 3946 350 3997 smtinetre:
367 3947 412 3996 sed
427 3949 545 4013 quonium
558 3950 596 3998 ite
609 3961 715 3998 neeesse
754 3946 943 4010 antapristena
958 3946 983 3994 lo
999 3959 1114 4009 preceps
1126 3945 1197 4005 dere,
1207 3947 1274 4010 qood

191 4022 290 4073 estilli.
754 4021 815 4071 lethi
828 4035 906 4085 genus
923 4022 1034 4070 tenerum
1045 4034 1137 4087 eorpus
1149 4029 1176 4072 et
1190 4020 1276 4074 fracte
1316 4081 1319 4088 ¹

222 4097 232 4142 t
248 4097 297 4146 Illo
306 4097 444 4162 mntem]
459 4097 524 4149 Vide
537 4111 615 4149 xxrx.
625 4102 665 4149 11.
754 4096 866 4147 membre
877 4095 1045 4160 dispergeret.

226 4169 344 4237 *Ferrea
353 4174 426 4240 more]
436 4173 480 4226 Ita
488 4175 552 4241 Reg.
561 4179 585 4225 1.
594 4179 619 4227 l.
630 4171 713 4227 cmm
