3016 4876
238 377 282 444 36
569 391 618 438 on
641 391 674 438 c.
697 389 815 440 curun
839 387 977 437 errata

239 537 321 598 rium
334 531 384 598 sic
399 534 534 616 legitur:
555 533 694 598 ‘Habet
704 532 813 596 aviam
824 539 1001 596 maternum
1014 529 1187 594 Serranam
1200 528 1316 611 procul

240 653 263 698 a
277 653 329 698 me
343 635 522 717 municipio
538 635 702 698 Patauino
713 631 732 712 ;'
747 633 868 716 quibus
879 637 1005 696 tantum
1017 630 1126 706 abest,
1140 637 1176 693 ut
1191 629 1318 694 Plinius

241 733 384 797 Patauio
408 753 446 798 ee
471 734 659 814 proximum
681 733 798 809 iaciat,
820 738 859 795 ut
879 731 979 794 etiam
1001 730 1179 813 plurimum
1202 731 1319 794 abesse

239 834 444 916 profiteatur.
474 835 575 899 Dicet
587 835 643 898 ille
655 835 796 897 demtum
806 853 880 896 esse
891 839 1001 896 notam
1014 831 1210 914 negationis,
1221 849 1321 914 quarn

241 951 335 996 snum
360 934 531 1015 exemplar
553 933 693 1013 babeat;
715 951 775 1014 ego
799 939 916 996 contre
939 930 1086 996 additam
1110 951 1171 994 suo
1186 937 1321 996 conteu-

142 1115 144 1122 .
240 1033 329 1110 dam,
352 1053 419 1116 qua
433 1053 539 1097 meum
555 1039 676 1110 careat,
698 1034 915 1116 nequeenim,
940 1051 1015 1096 cum
1039 1032 1166 1096 ratione
1186 1037 1244 1095 aut
1256 1038 1324 1094 tes·

239 1133 377 1198 timonio
388 1132 605 1196 destituamur
619 1133 652 1195 in
667 1133 820 1196 instituta
834 1133 1068 1209 controversie,
1091 1132 1249 1214 majorem
1264 1131 1323 1194 ille

239 1233 305 1296 sibi
320 1234 549 1300 auctoritatem
566 1252 719 1315 arrogare
730 1233 841 1310 debet,
854 1252 953 1316 quam
967 1232 1055 1314 apud
1071 1251 1125 1295 me
1139 1250 1212 1295 esse
1225 1231 1322 1296 velit:

239 1333 388 1398 ecloum
402 1334 573 1419 utrimque
588 1335 726 1416 paribus
749 1335 948 1398 testimoniis
971 1332 1198 1410 contendatur,
1219 1331 1323 1414 pluris

240 1451 338 1497 uuum
353 1435 474 1512 faeere,
485 1456 585 1518 quam
600 1453 708 1498 meum
724 1453 811 1498 nme
824 1433 893 1496 fieri
909 1433 1004 1496 velit.
1035 1431 1179 1509 Etenim,
1195 1431 1323 1509 Patres,

241 1540 279 1596 ut
291 1533 482 1614 intelligatis
497 1554 550 1600 me
565 1535 600 1598 in
611 1534 674 1598 bac
689 1552 791 1598 cansa
801 1552 868 1596 non
883 1533 993 1596 fuvere
1003 1531 1324 1608 Novocomeneibus,

242 1634 323 1716 quia
332 1651 419 1696 unus
430 1653 475 1698 ex
488 1635 541 1698 bis
556 1637 630 1710 sim,
641 1634 700 1698 sed
717 1635 797 1716 quia
808 1653 881 1698 cum
894 1652 1008 1696 eorum
1020 1631 1191 1714 querelam
1197 1633 1324 1714 justam

242 1751 397 1797 essenon
409 1733 647 1810 addubitarem,
669 1735 782 1817 inique
801 1735 964 1802 iactumm
979 1752 1055 1797 esse
1070 1752 1123 1796 me
1137 1734 1326 1808 arbitratus,

242 1832 272 1897 si
285 1851 362 1896 cum
377 1853 525 1915 possem,
545 1853 750 1897 communem
775 1853 908 1898 causam
930 1853 994 1896 non
1021 1833 1267 1914 complecterer,
1289 1839 1327 1896 et

243 1931 287 1998 ad
312 1932 550 1997 defendendum
573 1953 640 1997 nou
665 1934 887 2017 susciperem3
909 1935 1040 1997 civibus
1055 1951 1132 2014 ergo
1146 1933 1230 1996 meis
1246 1931 1327 1996 affui

242 2038 413 2113 patronus,
435 2034 525 2115 quod
539 2053 603 2098 uon
618 2035 812 2114 ignorarem,
833 2051 1022 2117 quanquam
1047 2052 1068 2096 a
1092 2033 1171 2098 viris
1184 2033 1327 2096 nobilis-

242 2133 336 2196 simis
345 2132 441 2196 inerit
451 2133 581 2197 abunde
589 2151 690 2196 cause
705 2139 865 2214 perorata,
881 2132 1055 2214 quosdam,
1070 2131 1140 2196 sive
1155 2132 1245 2215 quod
1262 2151 1328 2196 nou

242 2231 395 2310 viderint,
418 2251 495 2314 quoe
512 2235 555 2297 ab
577 2233 619 2296 iis
638 2232 837 2310 scribuntur,
855 2232 926 2296 sive
948 2230 1039 2312 quod
1062 2239 1328 2312 argumentorum

243 2321 309 2397 vim
324 2335 540 2416 negligentius
562 2333 779 2416 inspexerint,
801 2334 875 2396 sive
898 2332 990 2415 quod
1012 2351 1078 2396 non
1098 2332 1329 2410 intellexerint,

244 2433 391 2498 Plinium
399 2433 623 2498 veronensem
635 2452 709 2496 csse
718 2433 885 2498 obstinate
895 2433 1020 2514 potius,
1030 2450 1130 2513 quum
1141 2434 1236 2509 scite,
1251 2453 1329 2498 con-

243 2533 386 2596 tendere.
430 2535 477 2598 Ut
501 2535 706 2598 instituerem
729 2533 850 2609 dicare,
870 2533 1007 2598 ueritati
1033 2533 1167 2598 studens
1188 2534 1329 2614 ingenue

245 2631 363 2709 fateor,
384 2639 535 2698 neutram
561 2634 640 2696 mibi
666 2633 874 2715 probandam
897 2633 1075 2696 lectionem
1101 2633 1223 2696 videri:
1247 2633 1329 2698 nibil

245 2733 332 2795 enim
347 2733 507 2797 referebat
530 2732 639 2796 Plinio
662 2733 772 2797 dicere
794 2734 858 2798 boc
882 2733 957 2796 loco
977 2752 1037 2815 pro
1052 2752 1086 2796 re
1106 2735 1278 2816 proposita
1291 2754 1329 2798 se

245 2833 361 2916 procul
374 2833 519 2897 Patauio
534 2833 647 2915 potius
660 2835 791 2909 abesse,
813 2853 912 2915 quam
928 2833 1114 2915 proximum
1135 2852 1221 2908 esse,
1241 2833 1331 2916 quod

245 2931 338 3009 facit,
360 2940 396 2997 ut
416 2934 548 2997 credam
566 2951 639 2996 eam
656 2953 767 2997 veram
790 2951 830 2996 ac
852 2933 1026 3013 genuinam
1050 2951 1123 2996 esse
1145 2931 1332 3008 lectionem,

245 3050 321 3111 quae
335 3031 370 3095 in
384 3032 497 3096 eodem
513 3052 586 3096 mco
599 3033 764 3095 volumine
785 3033 821 3096 in
845 3033 990 3114 margine
1013 3033 1062 3096 sic
1078 3033 1197 3096 babet:
1223 3030 1331 3096 Habet
1357 3021 1360 3030 ¹

246 3127 350 3192 nciam
374 3141 544 3195 maternum
564 3131 731 3194 Serranum
747 3129 917 3196 Proculum
941 3154 956 3195 e
979 3131 1143 3216 municipio
1158 3131 1331 3210 Patauino,

246 3229 325 3291 noui
355 3251 461 3293 morer.
518 3231 584 3296 Sed
614 3233 687 3296 eive
713 3232 1023 3322 negligentia,·sive
1047 3233 1182 3296 inscitia
1210 3235 1332 3302 scribto

247 3329 450 3409 factumest,
472 3337 508 3396 ut
522 3351 544 3395 a
563 3333 666 3396 verbo
687 3331 908 3396 ‘Proculam'
929 3331 1048 3398 ultima
1070 3332 1200 3415 syllaba
1214 3333 1333 3398 evulsa

246 3429 416 3511 legeretur,
439 3452 549 3515 quam,
572 3433 665 3514 quod
690 3432 877 3513 significatu
903 3439 1038 3502 careret,
1064 3432 1264 3509 emendator,
1287 3453 1329 3497 ex

248 3531 487 3611 praepositione
507 3555 527 3593 a
549 3543 583 3596 et
603 3533 770 3616 sequentis
786 3534 875 3598 verbi
899 3553 945 3595 me
969 3533 1075 3616 prima
1090 3531 1189 3596 litera
1210 3533 1333 3598 confla-

247 3637 312 3692 tam
328 3647 401 3693 esse
416 3631 503 3693 salso
524 3631 716 3712 conjiciens,
731 3632 903 3714 disjunxit,
924 3641 959 3696 et
972 3633 1102 3696 literam
1120 3651 1150 3694 m
1171 3633 1334 3716 praeposi-

246 3729 325 3792 tioni
345 3749 361 3792 e
380 3730 556 3812 adjiciens,
576 3750 623 3792 me
643 3731 709 3810 legi
734 3751 796 3814 pro
811 3734 933 3811 eiecit;
955 3732 1097 3814 priorem
1112 3751 1190 3796 vero
1201 3732 1331 3798 literam

248 3827 354 3892 videri
374 3831 642 3912 praepositionem
667 3831 702 3894 in
724 3833 810 3898 bunc
832 3833 978 3909 modum,
1000 3833 1136 3914 ‘procul
1159 3851 1180 3896 n
1202 3831 1277 3910 me,'
1296 3839 1332 3896 et

246 3929 442 4010 cognomine
464 3929 690 4006 ‘Proculam'
712 3932 802 4014 quod
822 3933 986 3996 divulsum
1012 3933 1224 4012 copulatione
1247 3933 1333 3996 indi·

246 4037 347 4112 geret,
369 4030 475 4114 magis
490 4030 659 4108 distracto,
675 4033 779 4095 totius
793 4034 949 4096 orationis
964 4051 1094 4096 sensum
1108 4033 1331 4110 conturbavit,

246 4149 285 4194 ac
297 4149 434 4212 prorsus
449 4131 608 4195 distorsit.
652 4131 764 4196 Venio
775 4132 819 4196 ad
832 4135 1004 4216 antiquum
1015 4133 1098 4198 illud
1110 4132 1330 4216 Epigramma,
