3054 4876
178 541 291 591 xxvi.

179 643 308 692 xxvn.

178 745 325 794 xxvnr.

177 845 297 896 xxrx.

175 947 278 996 xxx.

176 1047 295 1098 xxxi.

177 1149 313 1199 xxxii.

176 1251 328 1302 xxxin.

176 1354 323 1403 xxxiv.
352 1411 369 1428 .

175 1455 303 1504 xxxv.

176 1556 321 1606 xxxvl.

175 1861 337 1912 XXXVII.

175 1962 355 2012 XXXVIII.

174 2063 323 2114 XXXIX.

175 2164 239 2211 XL.

168 2265 257 2315 ¹XLI.

175 2365 274 2414 XLII.

175 2465 291 2515 XLIII.

177 2772 285 2821 XLIV.

174 2975 264 3022 XLV.

172 3077 280 3124 XLVI.

174 3177 297 3226 XLVII.

172 3278 313 3328 XLVIII.

172 3381 285 3431 XLIX.

172 3487 208 3533 L.

172 3587 224 3632 LI.

171 3786 239 3834 nn.
295 3755 308 3778 ⁹

173 3887 257 3938 eru.

534 385 621 434 ΜΤ.
643 385 743 436 tttsr.
767 384 838 436 Llll.
862 386 885 434 I.

391 529 446 594 De
460 528 596 612 mugile.

394 630 447 696 De
462 632 666 716 acipensere.
711 639 713 644 '

393 731 447 796 De
461 731 558 814 lupo:
580 732 620 796 de
633 731 751 796 asello.

396 832 448 899 De
464 852 575 899 maro:
598 832 639 898 ‹le
653 833 805 898 mustela.

390 932 567 1000 Mullorum
581 955 719 1018 genera:
743 939 777 999 et
791 935 833 1000 de
846 953 943 1019 sergo
957 939 1088 1005 comite.

391 1034 560 1101 Mirabilia
571 1037 713 1120 piscium
729 1037 846 1120 pretia.

388 1135 466 1201 Non
480 1138 604 1221 ubique
620 1139 737 1204 eadem
750 1157 866 1222 genera
881 1140 1025 1223 placere.

389 1239 442 1303 De
456 1239 621 1306 branchiis
632 1261 641 1305 ε
652 1240 695 1308 (le
708 1241 870 1324 squamis.

388 1339 551 1420 Vocales,
566 1345 602 1406 et
618 1342 691 1408 sine
706 1342 873 1407 branchiis
888 1341 1015 1425 pisces.

390 1439 459 1520 Qui
473 1442 507 1506 in
523 1449 641 1509 terrum
657 1447 787 1508 exeam.
830 1442 1001 1526 Tempora
1013 1446 1171 1524 capture.

388 1543 541 1626 Digestio
555 1544 698 1628 piscium
721 1544 754 1608 in
779 1543 903 1625 figuras
928 1542 1085 1626 corporis.
1128 1542 1258 1608 Rhom-

428 1646 545 1712 borum
571 1651 604 1711 et
629 1665 800 1731 passerum
826 1645 1020 1712 differentia.
1069 1644 1123 1709 De
1148 1645 1256 1729 longis

428 1748 590 1832 piscibus.
985 1801 988 1806 ,

389 1849 443 1914 De
459 1851 602 1933 piscium
616 1851 738 1935 pinnis,
754 1857 790 1917 et
802 1848 1087 1930 natendiratione.

387 1948 563 2032 Anguillae.

388 2049 575 2116 Muraenae.⁶

388 2150 568 2216 Pluuornm
583 2151 723 2235 piscium
738 2162 883 2236 genere.⁷

385 2251 562 2330 Echeneis,
573 2258 608 2317 et
621 2252 785 2319 veneficia
800 2253 880 2337 ejus.

387 2349 458 2430 Qui
472 2353 586 2436 pisces
601 2353 748 2419 colorem
760 2359 898 2419 mutent.

387 2452 456 2533 Qui
472 2454 615 2520 volitent
636 2459 731 2520 extra
752 2473 895 2538 aquam:
918 2453 972 2518 De
986 2452 1179 2520 hirundine:
1203 2456 1255 2521 De

426 2555 521 2638 pisce
543 2557 601 2639 qni
627 2557 784 2622 noctibus
806 2558 918 2623 lucet:
943 2555 995 2621 De
1020 2559 1177 2620 cornuto:
1201 2556 1255 2622 De

427 2656 593 2722 dracone⁸
615 2660 754 2724 marino.

387 2756 441 2820 De
457 2759 606 2842 piscibus
621 2760 781 2842 sanguine
795 2759 1005 2824 carentibus:
1029 2755 1098 2835 Qui
1111 2759 1254 2842 piscium

427 2861 549 2925 molles
564 2860 786 2944 appellentur.

389 2960 443 3026 De
457 2961 561 3046 sepia,
577 2961 617 3026 de
628 2961 772 3044 iuligine,
788 2961 829 3026 de
842 2959 1063 3045 pectunculis.

388 3061 440 3126 De
452 3062 599 3147 polypis.

386 3164 440 3229 De
454 3166 644 3248 navigatore
658 3165 794 3250 polypo.

389 3261 581 3350 Polypercon
594 3283 726 3351 genero:
748 3263 881 3327 solertia.

387 3365 440 3430 De
454 3368 645 3449 navigatore
659 3365 810 3449 nauplio.

383 3467 506 3532 Crustu
518 3467 645 3532 lutecti:
669 3464 723 3529 De
737 3465 885 3529 locustIs.

385 3565 583 3633 Cancrorum
611 3585 752 3649 genera:
793 3555 846 3631 De
876 3563 1078 3649 piunothere,
1120 3565 1254 3644 echinis,

426 3670 581 3748 cochleis,
596 3669 794 3753 pectinibus.

385 3768 593 3836 Goncherum
607 3789 737 3851 genera.

385 3867 521 3948 Quanta
536 3871 676 3936 luxuriae
691 3871 831 3936 materia
845 3869 887 3935 sit
901 3869 935 3932 in
950 3867 1044 3932 mari.

643 4077 806 4104 nemum

171 4243 281 4281 marm
292 4233 378 4279 mure
389 4227 573 4282 eulaeus-r
591 4229 631 4278 De
647 4229 725 4293 pteris
740 4228 842 4294 pterim
859 4223 918 4277 edd.
938 4225 1050 4274 vern-e
1067 4221 1106 4272 De
1117 4222 1187 4274 nitor
1197 4227 1255 4280 cod.
