3016 4876
240 368 285 432 till
583 381 632 428 ns
655 382 687 430 c.
711 379 828 429 aaran
854 381 991 440 aarum

242 527 310 592 Sed
324 526 404 610 qnid
418 525 455 592 in
475 526 518 591 iis
536 525 661 592 diutius
680 525 868 592 destineori
892 524 983 604 Quid
997 527 1071 592 baec
1086 526 1265 592 infirmiora
1278 533 1327 591 at-

241 629 356 710 tingol
381 627 457 693 Nec
472 627 559 693 ultro
578 629 642 693 boc
658 645 792 711 quoqne
807 626 949 692 Panthei
964 627 1153 692 fautoribus
1168 626 1328 704 concedo,

242 731 357 795 omnia
369 750 446 813 quar
461 731 502 794 (le
517 731 631 796 Plinio
646 731 772 814 scripta
785 730 821 794 in
831 729 980 794 Eusebio
994 730 1147 812 leguntur
1161 728 1203 792 ad
1214 727 1330 792 lunio·

242 849 313 895 rem
334 830 505 913 pertinere.
557 831 689 896 Satisne
708 849 778 894 suar
794 847 909 895 causta
932 830 997 894 buc
1020 834 1122 912 pacto
1142 829 1328 895 consrrltum

243 934 386 1016 putanti
409 933 533 997 satisne
552 935 791 1017 prospectumi
836 931 994 998 Fortasse
1008 931 1078 997 illis
1092 932 1141 996 ita
1154 932 1329 1010 videntum

242 1033 324 1098 mibi
337 1039 423 1100 carte
446 1035 531 1098 satis
555 1035 723 1117 prouisum
748 1034 854 1100 videri
876 1053 944 1098 non
962 1040 1090 1117 potest,
1105 1053 1181 1098 curn
1204 1034 1248 1098 ab
1266 1032 1330 1096 boc

244 1143 412 1220 sequatur,
428 1137 520 1220 quod
534 1138 580 1202 ab
593 1137 683 1202 omni
698 1138 768 1202 veri
783 1136 1001 1202 similitudine
1012 1135 1206 1218 longissimo
1220 1135 1329 1212 abest,

244 1237 349 1302 Plinii
371 1238 521 1304 lanionis
539 1239 722 1304 Eusebium
745 1246 804 1303 aut
818 1238 863 1301 D.
879 1238 1132 1321 Hieronymum,
1147 1243 1180 1302 et
1194 1234 1331 1302 Cassio·

243 1337 358 1402 dorum
379 1339 414 1402 iu
429 1337 606 1420 Chronico,
621 1357 662 1403 ac
689 1338 911 1403 venerabilem
936 1338 1065 1404 Bedam
1083 1340 1169 1403 libro
1193 1338 1236 1402 de
1258 1337 1330 1402 Na·

243 1445 317 1506 tura
336 1439 464 1506 Rerum
485 1442 686 1518 meminisse,
699 1441 936 1525 senioremque
951 1441 1109 1518 Plinium,
1129 1441 1329 1524 scriptorum

245 1543 356 1625 copia,
371 1545 596 1622 varietatene
612 1543 764 1608 donnica
784 1544 882 1625 longe
899 1543 1177 1627 anteponendum,
1192 1547 1330 1624 praeter·

244 1635 496 1726 misisse3hunc
507 1645 666 1710 oblivioni
678 1646 870 1724 tradidisse,
878 1643 1059 1723 Iuniorem,
1068 1650 1228 1728 quantum
1237 1644 1272 1708 iu
1280 1644 1330 1726 ip-

244 1745 292 1808 sis
304 1746 378 1824 luit,
394 1749 538 1812 nominis
552 1749 796 1814 immortalitati
810 1765 1034 1825 consecrasse,
1053 1765 1153 1830 quem
1171 1765 1233 1828 ego
1247 1763 1331 1828 quo·

245 1865 309 1928 que
323 1846 518 1914 eruditionis
535 1850 623 1917 baud
639 1853 782 1935 exignus
798 1849 915 1915 laudes
929 1849 1150 1932 promeruisse
1172 1865 1330 1936 agnosco,

244 1946 360 2025 fateor,
375 1967 416 2014 ac
431 1941 501 2035 pree
524 1972 579 2018 me
600 1952 688 2034 sero3
711 1951 835 2017 sedita
849 1957 886 2016 ut
905 1969 947 2015 ue
965 1949 1023 2014 ille
1046 1968 1123 2014 cum
1136 1947 1272 2014 Seniore
1286 1946 1330 2011 dc
1348 2000 1354 2014 .

243 2046 410 2114 literarum
426 2054 623 2119 excellentia
634 2053 824 2133 contendat,
839 2071 937 2137 quem
953 2053 1013 2134 qui
1032 2070 1107 2120 cum
1118 2048 1218 2115 laudo
1229 2051 1332 2114 nomi·

243 2151 391 2215 neverint
405 2155 559 2218 omnibus
583 2154 718 2220 saeculis
735 2153 973 2237 posterioribus
985 2153 1048 2219 viri
1073 2153 1242 2218 literarum
1262 2150 1331 2233 glo·

245 2253 295 2316 ria
318 2251 462 2336 insignes
492 2256 712 2334 inueniuntur,
743 2274 808 2320 nou
841 2273 938 2338 saque
962 2254 1089 2320 multos
1122 2254 1244 2320 Juuior
1272 2253 1331 2318 ba-

243 2352 330 2432 buit,
346 2357 404 2439 qui
426 2377 526 2423 suum
537 2377 660 2423 nornen
679 2359 814 2441 scriptis
838 2357 1051 2435 celebrarent,
1066 2362 1124 2422 aut
1138 2358 1183 2422 ab
1205 2375 1246 2420 eo
1259 2356 1333 2421 lire·

245 2457 291 2520 ris
324 2459 482 2523 mandata
517 2461 703 2545 frequenter
732 2464 1051 2538 commemorarent3
1090 2466 1130 2522 ut
1157 2458 1223 2522 boc
1248 2477 1333 2541 quo·

244 2577 311 2639 que
325 2559 452 2642 refugio
469 2562 639 2626 Pentheus
653 2563 864 2638 destituatur,
880 2560 1010 2645 injuriae
1030 2565 1217 2644 temporum
1231 2579 1332 2626 accu-

246 2659 374 2737 sandae,
397 2681 458 2743 per
476 2683 588 2747 quam,
601 2672 680 2728 ante
696 2683 737 2729 ac
758 2671 838 2747 post
856 2663 1038 2728 Eusebium
1053 2662 1183 2745 aliquot
1197 2662 1332 2726 seculis

245 2759 393 2826 Senioris
415 2765 570 2848 operibus
597 2766 788 2843 latentibus,
810 2764 936 2829 factum
959 2763 1017 2842 sit,
1042 2770 1079 2829 ut
1102 2764 1145 2828 ab
1170 2763 1332 2828 illustrio-

244 2861 337 2928 ribus
371 2865 505 2930 illorum
540 2874 724 2951 temporum
765 2867 984 2950 scriptoribus
1023 2865 1157 2930 silentio
1187 2867 1333 2948 praeteri-

245 2969 300 3030 tus
310 2965 422 3032 luerit.
456 2967 727 3033 ‘Studiosorum'
741 2968 826 3052 ejus,
837 2966 961 3052 quibus
976 2968 1020 3032 ab
1033 2967 1241 3032 incunabulis
1257 2987 1333 3032 ora·

245 3071 298 3131 tor
326 3069 577 3134 absolutissime
610 3071 805 3147 instituitur,
830 3077 934 3153 atque
958 3069 1161 3147 informatur,
1187 3071 1335 3134 meminit

246 3166 471 3246 Quintilianus
494 3171 579 3236 libro
608 3171 855 3236 institutionum
878 3189 1011 3236 suarum
1036 3171 1149 3248 tertio,
1177 3176 1213 3234 et
1232 3171 1333 3236 unde-

245 3269 345 3350 cimo,
374 3268 483 3337 Aulus
512 3271 643 3338 Gellius
677 3274 837 3338 Noctium
867 3272 1055 3338 Atticarum
1085 3291 1183 3350 nouo,
1214 3274 1334 3356 saepis-

245 3371 328 3436 sime
342 3370 501 3439 Carisius.
545 3375 769 3441 Historiarum
787 3376 885 3441 'belli
905 3373 1117 3440 Germanici'
1136 3375 1261 3438 mentio
1273 3394 1333 3440 ex·

245 3479 298 3538 tat
322 3475 413 3557 apud
435 3476 624 3542 Cornelium
646 3477 803 3542 Taciturn
825 3479 860 3541 iu
875 3477 1074 3554 Annalibus,
1097 3475 1277 3541 Suetonius
1298 3477 1333 3542 in

245 3573 487 3660 Imperatorum
501 3577 590 3643 Vitis
612 3577 757 3644 Plinium
778 3579 814 3644 in
836 3579 989 3644 Historia
1010 3577 1166 3642 Naturali
1187 3579 1334 3657 adducit,

245 3693 372 3741 necnon
398 3677 543 3742 Serenus
568 3679 798 3744 Sammonicus
824 3679 867 3746 ad
891 3677 1072 3757 Severum3
1098 3678 1218 3744 eadem
1242 3701 1264 3746 a
1288 3681 1333 3745 D.

246 3778 456 3862 Hieronymo
483 3780 743 3864 ‘pulcherrima'
782 3782 979 3868 appellatur,
1014 3779 1099 3845 alias
1129 3781 1334 3867 ‘multiplici

245 3883 391 3947 omniurn
404 3901 511 3947 rerum
527 3881 669 3948 scientia
682 3883 830 3950 reinmar’
852 3885 898 3949 l).
913 3881 1123 3965 Augustinus
1137 3881 1334 3950 decivitate

246 3984 314 4049 Dei
345 3985 495 4050 scribens
518 3985 592 4070 ejus
614 3983 778 4068 judicium
803 3991 939 4051 secutus
969 3988 1031 4048 est.
1073 3982 1189 4048 Taceo
1212 3983 1335 4050 Aulum

245 4083 394 4153 Gellium
407 4088 503 4155 tertio
516 4085 676 4152 Noctium
688 4085 886 4166 Atticarum,
898 4093 934 4152 et
947 4086 970 4151 J
972 4085 1086 4150 unium
1096 4083 1334 4171 Philargyrinm

245 4190 282 4255 in
305 4189 481 4276 Georgicis
495 4189 641 4274 Virgilii,
666 4209 707 4256 ac
733 4192 766 4256 iu
786 4191 914 4256 eisdem
938 4189 1101 4266 Servium,
1122 4185 1333 4253 Macrobium
