3006 4874
254 368 318 433 154
681 381 912 432 rssrruoum

254 528 340 590 sima
351 523 453 608 flagra
468 525 511 588 ab
525 521 715 610 hujusmodi
729 524 932 589 nebulonum
948 543 1066 608 genere
1082 524 1273 609 subpungi:
1300 543 1341 589 ea

252 627 393 710 denique
412 627 446 690 in
465 626 555 690 omni
578 626 796 690 doctrinarum
814 625 945 690 cumulo
968 625 1159 701 eminentia,
1175 632 1214 687 ut
1232 625 1339 694 multo

134 799 138 808 .
254 729 381 816 minore
395 747 470 791 cum
486 727 555 790 risu
569 726 658 790 hunc
673 726 791 790 audias
809 733 898 790 artes
913 747 1028 790 omnes
1044 746 1065 790 a
1080 727 1229 790 Minerva
1243 726 1341 791 edoc-

254 837 335 907 tum,
349 847 448 912 quam
464 827 667 892 Ciceronem.
711 825 825 905 Quare
835 827 1049 911 impudenter
1063 827 1197 891 omnino
1215 833 1340 892 tentata

253 930 294 996 C.
306 929 410 994 Plinii
425 929 609 1013 amplitudo
624 929 668 994 eb
683 947 723 992 eo
739 927 909 992 hominum
924 947 1032 1012 grege,
1049 929 1107 1012 qui
1121 947 1184 992 nec
1197 927 1340 992 viventis

254 1030 463 1115 splendorem
478 1031 583 1115 probe
598 1030 751 1094 tulissent
765 1031 886 1108 oculis,
897 1033 958 1094 &c

610 1309 850 1386 Tertullianus,
862 1318 899 1374 'et
912 1308 980 1374 alii.

295 1442 517 1509 Tertullianus
537 1452 701 1526 praeterea
721 1443 828 1507 multa
847 1443 1057 1526 transcripsit
1070 1462 1091 1506 a
1106 1442 1226 1519 Plinio,
1241 1440 1340 1505 dissi·

253 1545 381 1610 mulato
394 1545 468 1630 ejus
483 1546 626 1622 nomine,
642 1544 726 1609 utin
739 1546 849 1628 operis
863 1544 1006 1609 decursu
1021 1545 1091 1609 suis
1112 1544 1197 1610 locis
1212 1543 1339 1608 indica·

255 1649 318 1712 turi
333 1667 459 1713 snmus.
485 1635 488 1644 ’
787 1635 790 1642 ’

297 1749 522 1834 Hieronymus
553 1750 587 1812 in
607 1749 788 1814 Jeremiam
811 1748 957 1812 Plinium
982 1748 1107 1826 laudat,
1130 1766 1214 1818 cum¹
1231 1748 1339 1813 Theo·

254 1849 389 1934 phrasto
403 1859 437 1916 et
451 1849 641 1928 Aristotele,
654 1851 747 1934 quod
764 1851 934 1920 memoriae
952 1850 977 1914 ii
996 1849 1212 1933 prodiderint,
1233 1848 1338 1914 ‘hanc

254 1951 398 2035 perdicis
413 1971 488 2017 esse
499 1943 664 2031 naturam,
680 1960 718 2016 ut
727 1970 793 2016 ora
804 1950 939 2016 alterins
949 1951 1106 2034 perdicis,
1115 1951 1148 2015 id
1158 1959 1222 2029 est,
1232 1949 1341 2014 aliena

253 2045 394 2133 iuretur,
405 2062 441 2118 et
461 2054 512 2117 eis
527 2054 672 2131 incubet,
685 2053 890 2135 foveatque:
911 2071 1054 2136 cumque
1068 2052 1170 2116 foetus
1185 2050 1340 2116 adoleve-

253 2155 307 2232 rit,
318 2155 452 2220 arolnre
466 2155 508 2219 ab
523 2174 563 2218 ec
576 2161 611 2219 et
621 2145 761 2219 alienum
774 2161 943 2237 parentem
952 2152 1156 2237 relinquere?
1187 2153 1257 2218 Sed
1272 2141 1341 2216 me·
1365 2157 1368 2164 '

253 2256 361 2343 morie
374 2256 507 2340 lapsum
528 2275 603 2319 esse
625 2273 764 2320 necesse
785 2263 858 2318 estr
881 2275 955 2320 cum
971 2255 1060 2338 apud
1076 2262 1207 2319 veteres
1224 2273 1340 2319 ornnes

252 2375 360 2421 rerum
375 2351 586 2422 Naturalium
604 2359 785 2441 scriptores
803 2356 886 2420 nihil
903 2357 970 2421 tale
984 2363 1152 2436 occurrat,
1163 2347 1202 2421 et'
1212 2375 1292 2420 esse
1306 2355 1341 2418 id

252 2457 467 2524 falsissimum
481 2459 596 2523 multis
609 2463 740 2523 constet
754 2459 978 2540 argumentis:
1001 2457 1179 2541 dequibus
1194 2456 1342 2522 Bochar·

254 2565 321 2622 tum
336 2559 486 2634 consule,
505 2568 600 2642 parte
622 2561 654 2624 2.
671 2559 730 2622 lib.
745 2576 770 2622 r.
784 2558 826 2622 de
842 2558 975 2623 animal.
988 2577 1019 2624 c.
1034 2557 1087 2622 12.
1102 2578 1137 2641 p.
1152 2557 1207 2624 85.
1223 2563 1255 2622 et
1269 2575 1341 2640 seq.

295 2661 421 2725 Similis
435 2666 470 2724 et
483 2659 591 2724 Servii
605 2679 696 2726 error
709 2661 745 2724 in
760 2659 863 2726 Notis
879 2662 920 2725 ad
941 2661 1058 2726 librum
1074 2663 1217 2744 primurn
1233 2658 1341 2724 Geor-

252 2763 401 2846 gicorum
416 2762 589 2827 Maronisz
612 2767 622 2796 ‘
637 2762 793 2841 Plinius,’
813 2764 931 2846 inquit,
946 2765 1002 2827 ‘in
1020 2761 1172 2827 Naturali
1187 2761 1341 2825 Historia

252 2864 335 2929 dicit
347 2883 464 2930 corvos
479 2863 662 2929 obliviosos
676 2883 761 2941 esse,
771 2871 805 2930 et
823 2865 1016 2949 plerumque
1030 2865 1164 2929 minime
1178 2864 1222 2929 ad
1241 2863 1340 2927 nidos

252 2982 333 3029 suos
347 2963 488 3041 reverti,’
500 2967 562 3030 &c
611 2965 709 3030 Fallit
730 2972 840 3031 eutem
862 2966 1007 3044 Servius,
1023 2971 1081 3031 ant
1095 2965 1241 3032 fallitur:
1264 2985 1339 3030 cum

251 3084 360 3149 neque
376 3066 467 3148 apud
483 3066 639 3143 Plinium,
653 3084 764 3150 neque
779 3067 872 3150 opud
881 3068 996 3146 ullum,
1008 3069 1065 3151 qoi
1079 3067 1230 3132 Serrium
1240 3072 1341 3152 aetate

251 3169 468 3252 prtemsserit,
479 3167 614 3250 dignum
629 3167 694 3232 tide
709 3169 1043 3253 scriptorem-simile
1057 3171 1233 3252 quicquam
1249 3169 1341 3252 lega·

251 3277 316 3334 tur.

295 3371 441 3438 Versum
458 3371 583 3456 pariter
600 3372 753 3439 Maronis
772 3373 949 3456 explicans
963 3373 1063 3452 idem,
1085 3392 1104 3438 e
1120 3372 1207 3437 libro
1224 3374 1340 3438 AEnei·

253 3474 314 3537 dos
328 3475 445 3538 tertio:
467 3475 535 3537 ‘Et
545 3476 653 3558 juncti
667 3495 799 3540 cnrmm
815 3475 961 3540 dominae
974 3475 1106 3539 subiere
1120 3474 1240 3539 leones
1252 3475 1272 3540 :'
1291 3476 1341 3539 ia·

252 3573 367 3638 hulam
387 3574 428 3638 de
457 3573 669 3656 Hippomene
690 3583 726 3639 et
746 3574 909 3639 Atalanta
930 3575 1057 3651 recitet,
1084 3593 1163 3659 qum
1183 3576 1341 3640 omnibus

227 3705 229 3714 ι
250 3681 331 3739 nota
343 3671 413 3740 e'st:
437 3665 713 3757 subjicitqneista
726 3676 865 3741 deinde:
887 3674 1006 3739 ‘Unde
1021 3677 1108 3740 irato
1126 3673 1341 3754 neumausi

251 3774 378 3860 Mater)
391 3776 426 3839 in
448 3775 562 3838 leones
577 3794 634 3839 eos
648 3780 821 3855 convertit,
837 3786 872 3842 et
884 3795 947 3842 suo
963 3777 1073 3840 currui
1087 3776 1293 3860 subjugarit,
1307 3785 1341 3843 et

249 3878 415 3961 praecepit
429 3896 469 3940 ne
483 3894 597 3940 secum
611 3897 759 3962 unquam
772 3880 883 3944 leones
897 3878 1035 3943 coirent
1059 3876 1151 3941 Nam
1161 3883 1195 3943 et
1206 3877 1341 3942 Plinius

251 3980 285 4042 in
307 3978 463 4044 Naturali
486 3977 639 4044 Historia
659 3980 742 4046 dicit
761 3982 890 4046 leonem
910 3999 987 4043 cum
1008 3978 1178 4061 perda,et
1198 3980 1340 4062 pardum

253 4095 329 4142 cum
343 4082 451 4146 leaena
465 4080 705 4145 concumbere!
737 4081 869 4166 Qnipus
883 4081 991 4144 verbis
1004 4097 1070 4142 non
1083 4078 1193 4142 solum
1204 4099 1272 4143 rem
1281 4080 1348 4152 iol,

253 4175 420 4246 sissimam
435 4202 496 4266 pro
510 4201 591 4247 vera
602 4181 775 4265 alterascit
789 4183 890 4249 etiem
904 4202 926 4247 a
939 4181 1051 4246 Plinio
1065 4180 1231 4266 proditam
1248 4201 1339 4246 men·

255 4277 344 4343 titur.
