3016 4876
453 410 586 460 nrcrrc
610 409 634 458 r.
658 409 774 460 rnuur
798 407 981 460 creamur.
1215 400 1254 464 61

170 553 268 620 tortio
291 551 530 629 Setumulium,
549 553 767 619 venerabilem
789 554 932 635 Bedam,
947 556 1008 622 lib.
1022 556 1066 620 de
1081 555 1161 623 Not
1177 557 1258 625 Rer.

170 676 263 739 scope
291 657 326 720 in
353 655 433 733 tino,
458 655 627 720 Isidorum
656 655 901 739 Etymologum,
927 657 1259 740 atquevincentinm

169 758 449 824 Bellovaeensem
467 777 545 822 cum
565 757 599 821 in
622 757 768 840 Speculo
786 757 977 836 Historiali,
1001 767 1070 824 tum
1090 759 1126 822 in
1152 759 1259 825 Natu·

46 933 51 942 ,
168 861 240 938 reli,
256 859 360 924 Plinii
374 859 547 925 Naturalis
560 859 720 924 Historiae
732 860 939 939 meminisse3
962 879 1063 944 quam
1073 861 1138 924 hoe
1150 880 1260 927 saecu·

167 961 215 1040 to,
230 981 300 1044 qno
315 968 428 1026 cetera
443 960 515 1043 ejus
532 976 635 1044 opera
650 959 893 1038 desiderantur,
908 961 1001 1025 docti
1017 961 1140 1044 pariter
1154 967 1189 1026 et
1208 964 1259 1028 in·

168 1062 263 1128 docti
273 1067 427 1137 tractant,
443 1062 501 1126 alii
511 1061 861 1139 honorificentissime,
875 1063 1056 1145 asperrime
1069 1063 1141 1141 alii,
1151 1064 1205 1128 rel
1214 1083 1256 1130 eo

167 1185 277 1248 usque
302 1163 479 1249 progressi,
500 1170 538 1227 ut
563 1163 605 1227 de
625 1163 779 1246 plaustro
801 1181 935 1246 semper
954 1165 1138 1247 loquentes,
1159 1167 1257 1250 quasi

167 1284 232 1331 sue
246 1267 312 1331 sint
322 1285 366 1330 ex
379 1263 509 1348 tripode
518 1265 642 1340 omnia,
651 1265 846 1347 scriptorum
857 1265 1001 1329 omnium
1014 1272 1155 1330 aetntum
1166 1285 1258 1331 ccm-

167 1366 381 1432 mendatione
399 1365 574 1444 illustrem,
587 1364 730 1430 Asinum
748 1365 920 1450 appellare
941 1385 1011 1430 non
1024 1366 1257 1446 dubitaverint,

168 1487 310 1551 qnorum
325 1465 573 1532 immoderatam
586 1466 768 1543 licentium,
781 1486 824 1532 ac
838 1485 935 1549 psene
951 1467 1131 1552 plusquam
1145 1467 1258 1533 Persi-

167 1587 243 1634 cnm
257 1568 494 1650 arrogantiam,
506 1568 588 1650 quin
603 1567 790 1648 gravissimi
804 1568 868 1633 viri
881 1568 1052 1652 impositis
1065 1587 1180 1633 eorum
1194 1575 1259 1635 ter·

97 1685 101 1697 ·
166 1671 217 1752 gis
232 1669 501 1734 accommodatis
516 1669 649 1734 clitell'm
662 1676 901 1752 represserunt,
913 1669 969 1734 rel
981 1669 1097 1751 potius
1110 1669 1257 1735 obtrive-

167 1777 255 1849 runt,
275 1790 316 1835 ec
338 1770 566 1847 contuderunt,
586 1788 854 1853 communemque
873 1769 1019 1834 dolorem
1037 1776 1116 1853 post
1133 1787 1257 1855 eccep-

166 1879 237 1937 tum
249 1872 406 1937 damnum
423 1891 542 1955 supere
556 1889 618 1936 eos
638 1870 795 1935 docentes
809 1871 941 1935 munde
952 1873 1169 1954 puniverunts
1192 1875 1258 1956 pri·

166 1981 265 2038 ratas
276 1973 359 2038 milri
372 1973 526 2038 hocloco
539 1971 897 2054 injurinsuleiseendas
908 1991 1060 2036 essenon
1075 1972 1181 2052 duxi;
1196 1981 1257 2039 out

165 2074 217 2138 his
231 2074 328 2158 pluro
342 2073 384 2138 de
399 2074 554 2139 leudibus
570 2073 734 2138 Historiae
751 2073 852 2138 Plinii
872 2072 1045 2138 Naturalis
1060 2074 1258 2150 subnecten-

165 2175 221 2252 da,
232 2175 317 2240 tenti
331 2176 375 2239 ab
389 2173 525 2240 Andros
545 2173 680 2239 Alcieto
692 2175 901 2238 nobilissimo
909 2171 1152 2256 jurisconsulto
1166 2177 1256 2239 resti-

164 2282 267 2352 matu,
280 2281 316 2340 ut
331 2296 431 2340 unum
445 2275 548 2340 tacil'e
563 2274 666 2338 Plinii
684 2273 707 2338 J
709 2274 833 2338 unieris
853 2275 986 2337 cunctis
999 2275 1154 2356 operibus
1169 2295 1257 2358 prce·

164 2376 336 2443 iemndam
350 2377 450 2441 suerit
458 2376 679 2462 judicaturus.
725 2375 788 2440 Est
802 2375 902 2457 igitur
916 2374 988 2440 heac
1003 2376 1110 2440 oratio
1126 2381 1198 2443 totu
1212 2378 1256 2442 de

165 2478 278 2544 Plinio
292 2479 458 2553 institute,
472 2497 550 2561 quse
566 2479 630 2542 sub
648 2495 738 2541 enno
760 2476 899 2560 Trajaui
913 2476 1044 2560 imperii
1058 2475 1256 2542 duodecimo

164 2579 296 2661 legitur,
310 2580 344 2643 iu
362 2577 543 2655 seniorem,
564 2597 631 2641 non
645 2577 820 2642 Iuniorem
840 2578 912 2640 sine
932 2577 1157 2642 controversia
1174 2578 1257 2642 rese·

165 2681 278 2758 reuda,
292 2698 402 2762 neque
418 2678 680 2743 existimandum
693 2683 746 2742 est
761 2677 900 2742 Senium
921 2679 1087 2760 praeterito
1099 2678 1171 2742 siue
1180 2677 1257 2742 'Eu-

165 2783 308 2858 sebium,
318 2780 390 2844 sire
400 2779 445 2844 Ι).
458 2777 709 2862 Hieronymum,
726 2778 1036 2855 velCassiodorum,
1052 2785 1109 2844 eut
1123 2797 1256 2844 venera·

166 2883 264 2946 bilem
289 2880 417 2944 Bedam
437 2879 542 2944 solius
555 2878 579 2943 J
580 2881 707 2943 unieris
726 2879 930 2943 meminisse.
974 2879 1050 2942 Etsi
1065 2878 1163 2955 euim,
1178 2897 1255 2962 quea

164 2983 206 3047 de
222 2982 324 3048 Plinii
342 2981 493 3046 senioris
508 2981 749 3063 proconsulatu
761 2979 796 3043 in
810 2978 948 3044 liusebii
966 2979 1130 3046 Chronico
1142 2979 1258 3063 legun·
1350 3047 1356 3060 ι

164 3089 228 3162 tur,
239 3083 312 3167 ejus
324 3101 402 3147 esse
416 3081 571 3146 extortio
586 3081 840 3146 Ecclesiasticae
856 3081 1008 3164 ejusdem
1031 3079 1193 3146 Histerioe
1215 3083 1256 3146 li-

163 3185 226 3250 bro
246 3204 321 3267 cap.
334 3183 388 3248 82.
401 3190 437 3247 ct
450 3184 651 3248 necessitate
666 3183 743 3246 unni
757 3181 858 3245 edicti
874 3181 1033 3246 adversus
1047 3179 1255 3247 Christianos

163 3284 258 3366 editi,
272 3305 295 3350 a
310 3285 461 3368 Trajano
480 3283 656 3364 moderati,
677 3284 713 3347 in
734 3283 876 3348 historia
895 3281 1103 3365 significandi
1126 3281 1254 3348 tinnem

161 3386 250 3452 facio
277 3385 526 3470 conjecturam
547 3393 659 3448 tamen
688 3390 808 3461 cetere,
837 3384 960 3466 quibus
989 3401 1076 3446 anuo
1105 3387 1256 3466 sequenti

163 3487 267 3554 Plinii
280 3487 425 3552 eruditio
438 3485 700 3562 commendetur,
714 3484 757 3549 ed
775 3484 818 3548 D.
836 3483 1076 3566 Hieronymum
1090 3483 1254 3566 pertinere

161 3589 244 3654 milri
258 3588 329 3653 reri
344 3587 452 3651 simile
459 3586 510 3663 iit,
525 3587 583 3669 qui
598 3605 636 3650 se
650 3586 757 3649 multa
768 3585 932 3648 Romanae
943 3583 1108 3650 Historiae
1119 3587 1256 3669 propria

161 3691 198 3754 in
208 3689 375 3754 Chronico
391 3689 433 3753 ab
446 3687 594 3751 Eusebio
609 3687 763 3751 consulto
779 3686 945 3768 preterita
958 3686 992 3747 in
1008 3686 1147 3766 petiam
1161 3685 1254 3752 Luti-

161 3811 278 3857 norum
292 3789 530 3872 interposuisse
544 3795 695 3852 testatur.
738 3785 891 3851 Ceterum
905 3786 970 3849 hoc
988 3785 1067 3850 loco
1087 3785 1253 3850 detectum

161 3911 185 3957 a
198 3891 349 3956 Pantheo
366 3889 464 3955 ulcus
477 3909 592 3953 rursus
606 3886 828 3953 recrudescit:
848 3887 952 3951 rideri
974 3886 1120 3950 Plinium
1134 3885 1253 3950 Senio·

161 4003 236 4059 rem
246 3991 384 4076 Trujnni
400 3991 629 4074 Principatum
654 3987 793 4064 vidisse,
809 3989 867 4070 qui
880 3989 961 4052 Tito
980 3987 1170 4051 &menum
1192 3988 1253 4073 im·

159 4094 292 4180 perium
314 4091 565 4156 administrante
588 4096 772 4154 extremum
793 4087 882 4152 diem
901 4087 1037 4164 clausit,
1052 4093 1147 4168 urget
1162 4088 1252 4152 Pan-

161 4195 270 4273 theus,
283 4191 445 4277 quodque
464 4190 515 4257 illi
539 4191 724 4274 optandum
739 4189 885 4254 manime
902 4189 1020 4265 fuerat,
1038 4187 1146 4254 fateor
1160 4190 1252 4274 plus·
