3016 4876
463 379 595 428 uacrro
618 379 642 427 r.
664 379 779 428 eruar
803 380 985 428 creantur.
1220 365 1263 430 dt)

178 515 359 606 Trajauum
382 531 526 601 constet,
542 523 699 606 quicquid
720 522 939 588 Cassiodorus
954 524 1132 607 septimam
1146 525 1189 600 ei,
1206 543 1262 588 au·

178 625 282 706 tiquis
307 626 464 688 omnibns
486 625 758 708 inscriptionibus
774 625 1039 703 adversantibus,
1055 638 1090 689 et
1108 627 1262 701 nummis,

179 725 335 788 ascribat.
380 724 492 790 Sensit
512 725 672 808 providus
697 722 866 790 Pentheus
890 725 1107 807 obJ'ectioues,
1122 727 1263 810 ejusque

179 826 322 889 occurrit
335 825 433 890 solito
447 835 481 890 et
495 827 557 890 sibi
572 826 669 891 valde
686 825 839 890 familiari
854 825 1014 907 praesidio
1029 828 1262 910 expunctionis

178 924 278 1008 hujus
289 927 402 1009 partis,
417 927 546 1009 ‘periit
556 927 633 990 dum
649 927 763 992 invisit
771 924 958 990 Vesuvium
972 925 991 987 ι’
1005 945 1104 1010 quam
1115 928 1262 992 additam

178 1046 253 1092 esse
271 1029 418 1095 Eusebio
432 1030 475 1093 ab
489 1031 684 1112 impressore
693 1029 881 1106 temerario,
896 1030 1081 1106 autsciolo,
1090 1030 1145 1096 rel
1159 1031 1250 1095 salsa

178 1131 228 1193 rio
241 1127 451 1193 emendatore
462 1127 623 1194 affirmare
638 1147 706 1194 nou
716 1129 934 1194 addubitavit.
957 1130 1023 1195 Sed
1039 1148 1152 1195 eorum
1168 1131 1263 1194 inuo-

178 1232 319 1294 cantium
333 1228 444 1294 Graeci
458 1229 603 1307 codices,
619 1230 689 1294 sive
701 1231 918 1313 manuscripti
929 1231 1000 1295 sive
1013 1231 1178 1315 impressi,
1193 1250 1262 1296 ma-

174 1332 271 1415 joris,
283 1338 320 1396 ut
334 1332 486 1410 arbitror,
500 1334 591 1416 apud
607 1333 727 1399 doctos
737 1335 958 1411 auctoritatis,
977 1334 1106 1416 egregie
1121 1339 1263 1400 tuentur.

180 1431 305 1497 Verum
320 1432 412 1516 qnod
429 1434 508 1499 alibi
522 1432 676 1510 fecimus,
692 1435 851 1500 nonnulla
864 1434 1017 1501 Pantheo
1031 1436 1263 1510 concedentes,

178 1534 266 1600 hanc
279 1536 330 1600 illi
343 1554 478 1620 quoque
493 1537 752 1620 expunctionem
767 1537 1005 1616 condonemus,
1017 1538 1074 1602 cui
1083 1535 1265 1601 Cassiodo-

179 1657 235 1702 rus
248 1638 282 1701 in
302 1637 472 1706 chronicis
487 1637 661 1720 suffragari
675 1640 837 1716 videatur,
854 1646 975 1717 cetera,
989 1658 1066 1722 qum
1085 1637 1126 1702 de
1151 1632 1262 1702 Plinio

180 1738 357 1805 Historico
385 1741 503 1805 scribit
527 1724 876 1819 Eusebius,'relerens
898 1742 950 1805 his
975 1740 1108 1818 demtis,
1130 1737 1264 1822 ‘periit,
1295 1739 1302 1748 “

181 1840 258 1906 dum
281 1842 395 1906 invisit
420 1840 605 1907 Vesuvium
614 1842 633 1922 ;’
656 1851 824 1908 tamenne
846 1841 1046 1924 sicquidem
1067 1841 1116 1919 fit,
1141 1848 1180 1905 ut
1199 1841 1263 1906 hoc

180 1943 255 2006 loce
271 1943 312 2006 de
336 1941 448 2008 Plinio
461 1942 601 2008 Juuicre
622 1943 790 2009 Eusebius
809 1950 896 2026 agat,
911 1943 953 2007 de
969 1963 1037 2027 quo
1057 1943 1161 2026 priori
1176 1959 1263 2006 anno

180 2045 370 2127 scripserat,
386 2064 428 2109 ec
453 2046 661 2127 provinciam
684 2047 894 2128 gubernante,
917 2045 1192 2120 animadversum,
1207 2049 1265 2108 aut

181 2148 292 2211 verius
307 2148 460 2212 saevitum
480 2148 515 2211 in
531 2147 739 2214 Christianos
755 2168 843 2225 esse,
867 2148 1033 2212 ‘Plinium
1058 2143 1268 2211 Secundum'

181 2249 366 2332 appellans,
382 2250 499 2333 patrias
508 2252 676 2316 mentione
686 2251 973 2334 praeterita,qnem
989 2248 1140 2331 sequenti
1150 2241 1263 2310 Plinio

181 2349 512 2428 addidit,‘Plinium'
525 2370 599 2416 eum
616 2352 827 2416 ‘Secundum
843 2351 876 2415 N
879 2369 1136 2416 ovocomensem
1147 2347 1266 2414 Orato-

179 2471 248 2516 rem
258 2458 293 2517 et
309 2453 514 2517 Historicum
527 2454 684 2536 insignem
694 2453 703 2479 ’
713 2453 1111 2535 vocans,utdistingueret
1121 2452 1265 2534 apriori,
1382 2511 1384 2516 ,

182 2573 281 2638 quem
304 2555 333 2618 si
359 2573 434 2619 cum
451 2553 589 2619 Oratore
609 2561 642 2619 et
663 2553 838 2620 Historiae
859 2554 1001 2618 eundem
1021 2571 1096 2618 esse
1112 2551 1266 2635 putavis-

181 2663 242 2734 set,
268 2658 417 2721 oratione
446 2676 514 2722 non
541 2657 684 2735 divulsa,
714 2665 748 2722 et
774 2659 964 2739 interrupta,
989 2656 1050 2720 sed
1076 2655 1266 2720 continuata

182 2763 381 2824 nsueesset:
403 2768 482 2842 post
494 2757 688 2826 Christianae
702 2759 946 2843 persecutionis
958 2758 1177 2823 narrationem
1193 2756 1265 2820 sine

182 2861 423 2926 intermissione
452 2862 666 2944 subjungens,
700 2862 807 2927 ‘idem
842 2860 973 2923 Plinius
1003 2857 1266 2921 Novocomensis

181 2961 244 3026 suit
259 2960 383 3026 Orator
397 2962 547 3045 insignis,
559 2967 592 3026 et
607 2961 798 3028 Historicns
812 2962 873 3026 hec
886 2967 1032 3044 ternpore
1048 2956 1203 3035 habitus,'
1224 2977 1265 3025 ac

182 3068 303 3140 cetera,
317 3083 394 3145 quae
409 3069 600 3146 sequuntur.
636 3063 724 3128 lllud
739 3082 817 3128 vero
828 3061 971 3126 fortasse
984 3071 1051 3125 tem
1067 3060 1190 3124 eertum
1200 3079 1267 3152 non

181 3172 246 3241 est,
258 3183 358 3248 quam
370 3165 434 3230 sibi
448 3163 581 3230 videtur
594 3165 761 3232 Pentheus
776 3165 996 3249 persuasisse,
1010 3163 1182 3226 Historias
1194 3159 1265 3226 Pli·

184 3267 271 3330 nium
287 3264 309 3330 J
311 3267 461 3330 nniorem
476 3265 554 3332 ideo
570 3267 825 3350 conscripsisse,
841 3266 922 3348 quia
940 3265 1023 3329 libro
1038 3263 1266 3346 Epistularum

182 3384 316 3430 suornm
333 3367 447 3447 quinto
469 3366 512 3430 ad
526 3365 721 3448 Capitonem
738 3367 876 3443 scribat,
892 3365 965 3448 ejus
974 3366 1112 3429 consilio
1127 3384 1164 3428 se
1178 3363 1268 3446 pari·

182 3475 292 3532 turum
319 3468 481 3531 Historia
507 3469 693 3534 scribenda
714 3468 755 3534 de
775 3488 817 3532 ea
838 3466 1076 3550 ipsamateria,
1100 3485 1173 3548 quae
1200 3465 1267 3530 sihi

183 3572 226 3638 ah
246 3589 287 3634 eo
302 3575 545 3652 proponeretur.
593 3568 636 3635 Ut
651 3571 801 3634 omittam
813 3568 901 3632 enim
916 3567 1095 3648 plurimum
1107 3569 1267 3632 interesse

182 3669 359 3753 scripsisse
397 3671 586 3753 quempiam
624 3669 810 3738 Historiam
843 3677 904 3736 aut
932 3667 1075 3734 scribere
1106 3668 1266 3745 voluisse,

181 3790 279 3837 nemo
299 3779 353 3836 cst
374 3771 407 3835 in
426 3777 518 3836 tante
531 3773 729 3857 scriptorum
752 3772 964 3855 antiquorum
980 3778 1039 3835 aut
1052 3770 1268 3834 recentiorum

182 3871 295 3956 copia,
322 3873 507 3955 quiPltnii
527 3872 678 3937 Junioris
705 3871 870 3938 Historia
889 3871 1094 3950 meminerit;
1117 3870 1268 3951 numqui

184 3973 411 4042 Historiarum
435 3975 478 4038 ab
503 3975 670 4042 avunculo
686 3976 824 4058 scriptis
839 3976 1106 4054 consignaturum
1128 3969 1268 4036 meutie-

181 4095 256 4142 nem
272 4074 411 4140 iecerint
432 4093 594 4157 perquam
617 4076 711 4140 multi
732 4095 778 4140 ex
792 4075 938 4158 antiquis
955 4072 1173 4147 inveniantur,
1188 4089 1270 4153 quo·

182 4197 255 4247 rum
283 4177 381 4244 etiem
408 4175 698 4248 commendatione
728 4183 828 4261 atque
855 4173 1051 4240 auctoritate
1079 4172 1267 4256 probentur.
