3016 4876
246 395 269 459 8
543 413 737 464 usurario
759 415 813 464 ro.
837 417 1041 467 ninnium.

249 553 395 619 omnium
419 555 546 639 primns
566 555 714 621 loannes
733 555 887 623 Andreas
910 558 1095 628 Aleriensis
1120 563 1275 632 Antistes
1301 569 1338 632 in

248 655 397 720 Corsica.
442 655 544 722 Hunc
573 657 628 722 ille
652 657 779 740 primus
794 661 950 726 omnium
976 683 1090 746 agrum
1115 669 1238 738 ararit:
1277 669 1338 733 sed

248 756 415 835 sentibus,
436 765 475 822 ut
501 757 550 822 ita
571 758 694 838 dicam,
715 760 823 826 adbuc
838 762 981 848 reliquit
1005 767 1162 851 nubisque
1184 770 1338 852 plenissi-

248 874 358 922 mumt
390 876 477 941 quos
498 860 666 943 extirpare
682 861 800 926 deinde
821 871 959 929 enuatus
975 874 1037 946 est,
1053 888 1112 934 nee
1126 871 1252 937 infelici
1267 891 1339 937 om-

246 958 325 1024 nino
337 960 444 1036 exitu,
459 961 649 1044 virgenere,
661 963 796 1046 opibus,
809 964 979 1048 dignitate,
992 969 1135 1052 iugenio,
1150 972 1338 1039 eruditione

223 1059 399 1142 insignis,
424 1059 625 1128 Hermolaus
655 1063 838 1142 Barbam,
870 1065 1066 1134 Patriamba
1092 1069 1338 1155 Aquileiensis,

245 1160 401 1246 idemque
414 1170 534 1246 postea
548 1164 586 1228 -iu
605 1183 777 1231 numerum
794 1165 1056 1251 Purpuratorum
1081 1171 1217 1238 Petrum
1234 1175 1338 1241 allec·
1472 1202 1474 1208 ’

246 1268 312 1328 tus.
356 1263 392 1328 Is
411 1264 546 1348 quidem
568 1284 657 1330 anno
678 1283 890 1333 uoeeexorr.
905 1272 1057 1354 primam,
1072 1275 1257 1359 iterumque
1274 1277 1337 1342 ed-

242 1364 347 1448 jeetis
361 1385 447 1432 auno
462 1368 688 1450 subsequente
699 1366 986 1451 castigationibus
1003 1375 1337 1454 secundislueobra-

247 1467 336 1532 done
351 1468 465 1550 viginti
479 1469 619 1534 duorum
633 1471 700 1536 iere
714 1472 886 1551 mensium,
903 1473 1034 1540 circiter
1052 1477 1228 1561 quinquies
1245 1481 1338 1545 mille

248 1571 416 1637 crassiora
430 1591 569 1638 sanasse
588 1592 625 1638 se
639 1573 776 1638 vulnera
790 1572 975 1655 gloriatur.b
1018 1577 1086 1650 Sed
1099 1586 1177 1663 post
1189 1598 1339 1646 messem

248 1673 335 1750 adeo
364 1673 511 1751 uberem,
536 1675 704 1758 praediviti
727 1675 836 1741 adbuc
860 1683 894 1742 et
923 1679 1133 1760 amplissimo
1160 1682 1337 1765 spicilegio

248 1773 362 1839 loeom
374 1773 520 1859 reliquit,
536 1776 566 1839 si
581 1777 641 1861 qui
655 1777 810 1860 sagacius
832 1778 989 1860 indagare
1003 1780 1147 1846 vellem:
1170 1783 1289 1866 etipse
1303 1784 1339 1847 iu

247 1875 292 1940 iis
308 1895 383 1959 quae
398 1875 516 1958 attigit,
536 1897 629 1962 saepe
651 1879 791 1944 nimium
811 1879 1022 1963 conjecturae,
1045 1884 1215 1948 memoriae
1236 1885 1339 1950 etiam

221 1978 326 2060 plns
352 1995 454 2062 quam
475 1979 638 2046 bominem
665 1980 952 2058 deceat-tribuit:
984 1983 1034 2047 uti
1056 1985 1159 2067 paulo
1183 1971 1344 2050 acerbius¹

249 2099 326 2146 eam
348 2081 394 2145 ob
415 2099 484 2146 rem
503 2082 657 2148 invectus
669 2083 714 2147 ¹iu
734 2102 810 2148 enm
826 2083 1004 2150 Pintianus
1017 2085 1096 2150 olim
1111 2087 1338 2171 exprobravit.

249 2181 317 2246 Sed
331 2201 494 2248 ooneessa
507 2182 607 2249 facile
620 2185 716 2250 venia
736 2190 908 2267 μημονικῶν
926 2183 1150 2271 ἁμαρτημάτων,
1164 2188 1255 2271 quod
1277 2189 1339 2253 mi·

249 2303 314 2349 nus
327 2285 445 2349 mirum
460 2285 506 2349 sit
525 2287 719 2352 memoriam
733 2285 887 2359 excidero
906 2287 1090 2370 aliquarum
1104 2307 1227 2367 rerum,›
1238 2309 1338 2374 quam

250 2391 401 2451 constare
415 2385 561 2452 omnium
571 2393 600 2450 :⁶
622 2391 658 2450 at
671 2405 737 2450 non
754 2387 853 2451 renis
863 2385 981 2469 dignus
995 2407 1196 2472 sequacem
1207 2391 1339 2472 neglec-

249 2487 294 2550 tis
317 2493 464 2554 veteram
488 2487 729 2571 exemplarium
751 2488 914 2571 vestigiis,
936 2496 970 2554 et
993 2491 1178 2573 priscamm
1200 2497 1276 2555 anto
1301 2512 1339 2558 se

250 2588 431 2654 editionum
440 2609 589 2669 securus,
601 2591 744 2675 plurima
754 2609 815 2674 pro
826 2590 973 2669 arbitrio,
986 2590 1113 2658 erudite
1124 2593 1231 2674 magis
1240 2612 1339 2676 quam

250 2693 406 2776 cautelae
420 2711 508 2770 rere,
522 2692 677 2772 mutarit,
692 2693 748 2756 rel
761 2691 861 2775 plane
871 2691 1124 2775 pessumdedit:
1147 2713 1223 2759 cum
1237 2695 1339 2779 pluri-
1368 2747 1371 2754 .

192 2835 195 2844 ,
249 2813 306 2859 ma
319 2813 363 2859 ex
381 2793 425 2859 iis
444 2812 520 2879 qam
536 2795 727 2878 castigavit,
743 2813 810 2859 non
835 2801 942 2860 errata
962 2793 1021 2860 illa
1042 2795 1121 2871 sint,
1137 2796 1195 2860 sed
1220 2815 1338 2878 pamm

251 2895 436 2961 intellecta.
478 2895 624 2961 Tantum
639 2896 851 2961 nibilominus
865 2896 1059 2966 auctoritati
1071 2896 1214 2962 Barbari
1225 2898 1340 2976 subse-

251 3004 332 3061 cuta
346 3004 442 3076 aetas,
456 2997 703 3082 eruditioaiqua
725 2997 852 3074 tribuit,
870 3003 910 3061 nt
933 2997 1139 3081 conjecturas
1159 2997 1261 3076 illius,
1276 3018 1339 3064 ceu
1376 3031 1382 3040 ·

251 3099 388 3164 totidem
404 3095 501 3180 κυρίας
516 3096 596 3176 δόξας
611 3100 646 3163 in
661 3104 853 3165 contextum
869 3098 1055 3176 inseruerit,
1070 3099 1155 3164 unde
1168 3099 1339 3165 eliminan-

252 3199 304 3266 dro
319 3202 453 3267 anobis
464 3201 566 3266 variis
581 3199 781 3284 argumentis
794 3200 898 3264 fuere.
920 3199 1033 3267 Sensit
1041 3199 1239 3283 jamdudum
1253 3202 1338 3267 bane

251 3303 372 3368 labem
387 3303 479 3387 operi
505 3303 661 3368 Pliniana
685 3302 814 3367 illatam
838 3307 952 3367 auctor
974 3300 1233 3385 Epigrammatis
1252 3303 1338 3370 alias

250 3404 342 3470 baud
367 3404 655 3488 perelegantem
679 3402 943 3469 Commentarios
963 3397 986 3468 a
1013 3403 1183 3488 Stephano
1206 3402 1337 3488 Aquae

251 3504 373 3584 editos,
389 3505 430 3570 de
445 3507 567 3590 quibus
582 3505 745 3589 egendum
760 3524 839 3571 mox
853 3506 928 3574 erit.
973 3504 1032 3570 Sic
1047 3505 1135 3572 enim
1148 3507 1224 3574 illes

296 3605 386 3672 Dum
397 3607 505 3672 faeere
520 3607 720 3673 Hermolaus
734 3607 929 3673 medicinam
946 3607 1117 3673 llarbams
1136 3615 1234 3692 optat

381 3709 461 3775 Non
476 3712 596 3793 paucis
611 3709 722 3774 lacero
736 3709 925 3774 vulneribus
938 3707 1070 3772 Plinio:

296 3810 480 3876 Perleesum
496 3812 629 3894 gravius
643 3813 797 3895 conjecta
810 3811 958 3876 vulnerat
972 3814 1063 3878 arte:

381 3909 458 3977 Nee
471 3911 582 3977 miuus
593 3915 730 3979 incauta
744 3911 888 3995 plurima
902 3911 997 3976 turba
1012 3931 1122 3976 manu.

284 4147 295 4181 ⁵
320 4147 351 4197 ln
374 4148 458 4214 Epist·
481 4147 513 4199 ad
537 4147 614 4196 Atax.
633 4160 671 4197 rr.
697 4146 774 4196 Pom.
847 4154 858 4180 ⁸
875 4145 906 4195 ln
918 4143 1030 4194 Obserr·
1041 4143 1169 4196 Plinianis
1181 4145 1212 4196 sd
1225 4159 1275 4197 ιιι.
1283 4151 1309 4198 ².

253 4221 323 4275 liu.
