3016 4876
259 369 302 435 68
594 375 642 430 ou
664 381 696 428 u.
719 376 837 426 rursu
862 371 1000 424 esrem

260 530 326 593 lnm
342 525 405 590 hoc
417 523 449 587 in
464 524 539 588 loco
553 527 686 588 secutus
698 521 829 584 Plinius
845 513 1132 584 ‘conterraneum’
1154 531 1250 578 suum
1266 529 1339 578 enm

259 628 407 703 vocavit,
420 624 617 689 divisionem
632 641 705 687 eam
724 621 832 685 Italiae
846 619 1043 700 intelligens,
1065 634 1164 697 quem
1188 614 1340 679 Catullus
1377 697 1381 702 Ι

258 734 458 810 sequeretur,
479 723 614 788 minime
629 741 706 788 vero
728 721 943 806 posteriorem
958 718 1049 782 illam
1065 717 1108 780 eb
1122 714 1277 798 Augusto
1292 716 1342 778 in·

261 828 423 902 stitutum,
445 843 544 907 quem
571 820 650 888 alibi
677 823 765 886 idem
790 821 920 886 Plinius
945 826 1106 902 spectans
1129 815 1219 880 bend
1243 835 1340 898 aeque

260 923 548 991 ‘conterraneum’
570 943 667 988 suum
682 921 848 988 Catullum
863 919 1060 1002 appellavit,
1075 918 1134 1002 qui
1155 915 1341 981 ‘nostrum’

259 1027 363 1091 dubio
378 1025 492 1108 procul
509 1024 659 1090 dicturus
673 1025 782 1100 suerit,
797 1023 855 1087 ubi
871 1023 969 1087 ambo
982 1019 1194 1084 veronenses
1207 1019 1341 1082 extitis-

260 1135 353 1194 sent:
375 1126 459 1189 libro
482 1145 625 1208 nemque
650 1123 822 1188 Naturalis
846 1122 1007 1187 Historiae
1024 1134 1165 1184 xxxvi.
1180 1122 1294 1200 capite
1309 1119 1340 1184 6.

259 1229 352 1292 ‘Hic
377 1225 448 1303 est,'
470 1226 591 1310 iuquit,
612 1224 804 1288 ‘Mamurra
827 1221 951 1287 Catulli
965 1219 1167 1284 Veronensis
1188 1220 1342 1284 carmini·

257 1334 323 1397 bus
345 1328 554 1414 proscissus?
607 1326 792 1408 Trigesimo
819 1343 898 1388 vero
926 1322 1070 1406 septimo
1101 1321 1253 1404 ejusdem
1285 1341 1341 1386 nu·

258 1434 337 1498 mori
352 1431 463 1513 capite
478 1430 670 1512 simpliciter
685 1448 760 1492 eum
777 1423 988 1492 ‘Catullum'
1003 1423 1163 1506 appellet,
1178 1423 1342 1504 inquiens,

259 1532 394 1611 ‘Quem
409 1530 559 1596 Catullus
575 1528 678 1612 poeta
697 1530 731 1592 in
745 1529 827 1592 sella
842 1526 947 1592 curuli
963 1526 1072 1591 visum
1086 1522 1218 1606 indigne
1233 1525 1311 1589 tulit
1322 1525 1342 1588 :’

258 1652 318 1699 nec
334 1632 427 1696 aliter
440 1631 580 1694 eundem
602 1629 766 1693 indicavit
788 1628 936 1694 secundo
961 1627 1072 1709 cupite
1094 1625 1170 1689 libri
1190 1625 1342 1706 vigesimi

227 1713 230 1720 ⁵
258 1733 370 1798 octavi
395 1750 471 1796 cum
498 1731 556 1806 ait,
585 1729 700 1794 ‘Hinc
723 1728 896 1792 Theocriti
921 1726 1010 1810 apud
1037 1726 1191 1804 Graecos,
1211 1724 1341 1802 „Catulli

258 1833 348 1915 apud
371 1853 444 1910 nos,
467 1831 685 1914 proximeque
700 1828 832 1910 Virgilii
846 1829 1161 1894 incantamentorum
1178 1827 1342 1890 amatorio

258 1931 424 1997 imitatio.¹
467 1930 600 2009 Quibus
625 1933 659 1994 iu
683 1930 766 1994 locis
792 1930 935 2012 petriam
959 1929 1149 2011 posteritati
1174 1927 1342 2008 explicare

258 2034 467 2116 praestiterat,
490 2051 588 2114 quem
612 2032 655 2095 ed
679 2031 919 2113 Imperatorem
932 2030 1043 2094 Titum
1058 2027 1252 2093 scribentem
1267 2027 1341 2110 ejus

257 2132 460 2210 meminisse,
483 2132 579 2214 quasi
601 2131 749 2212 Principi
773 2129 998 2194 literatissimu
1013 2131 1143 2210 ignote.
1188 2128 1341 2194 Ceterum

258 2231 346 2315 quod
360 2251 427 2296 uon
441 2233 549 2296 solum
565 2231 669 2296 Plinii
683 2231 780 2295 nubis
800 2231 1029 2302 auctoritatem
1055 2229 1227 2292 Pentheus
1249 2229 1341 2312 ubje-

257 2333 337 2398 cerit
349 2332 516 2397 Veronam
538 2339 573 2395 et
593 2331 734 2397 Comum
757 2333 947 2414 regionibus
962 2331 1206 2412 distinguentis,
1229 2349 1341 2394 verum

257 2434 359 2498 etiam
383 2431 602 2496 Ptolemaeum
624 2432 658 2495 in
681 2431 858 2496 Insubrum
873 2450 1012 2495 numero
1028 2430 1179 2508 Comum,
1193 2430 1341 2495 Veneto·

256 2553 326 2596 rum
335 2530 501 2597 Veronam
513 2537 734 2613 reponentem,
745 2532 822 2596 buic
833 2551 965 2614 quoque
978 2533 1113 2614 proprie
1123 2531 1341 2613 responsione

256 2631 529 2697 satisfaciendum
541 2631 706 2696 essedum
723 2630 928 2711 difficultati3
944 2632 1077 2696 tametsi
1088 2650 1139 2708 ee,
1150 2651 1227 2713 qum
1239 2644 1341 2714 prox*

256 2733 320 2795 ime
335 2750 396 2813 pre
412 2730 572 2796 solvenda
586 2731 686 2796 Plinii
702 2732 889 2815 objectione
905 2732 1011 2797 allata
1025 2741 1091 2809 est,
1105 2732 1149 2798 ad
1165 2733 1341 2798 detenden-

256 2832 331 2896 dam
345 2831 388 2895 ab
404 2832 603 2896 auctoritate
617 2831 792 2896 Ptolemoei
808 2833 998 2914 opinionem
1011 2841 1155 2898 nostram
1168 2834 1250 2896 satis
1265 2853 1340 2898 esse

257 2921 397 3014 poteret.
440 2931 598 3013 Inprimis
622 2938 744 3007 eutem,
759 2931 788 2994 si
803 2932 861 3014 qni
881 2932 962 2996 sorte
977 2933 1010 2995 in
1024 2939 1115 2996 tento
1138 2940 1238 3014 utque
1255 2934 1341 3000 adeo

255 3031 419 3115 frequenti
443 3031 667 3096 studiosorum
690 3032 951 3104 adulescentium
976 3039 1141 3099 conventu
1163 3033 1338 3098 Ptolemaei

256 3131 447 3196 testimonio
472 3132 610 3196 adducti
632 3133 782 3197 Pantheo
807 3133 849 3197 de
872 3135 1043 3216 regionum
1064 3135 1133 3199 ista
1148 3133 1340 3199 diversitate

257 3232 322 3295 sibi
338 3231 513 3298 favendum
529 3241 662 3315 putent,
674 3233 735 3298 bos
750 3227 932 3317 praeprue,
943 3243 983 3300 ut
996 3236 1109 3301 adsint
1123 3237 1242 3300 animis
1257 3237 1339 3314 suis,

208 3369 215 3386 ·
257 3333 404 3415 appello,
430 3338 463 3396 et
487 3341 689 3416 cognoscant
703 3334 842 3400 Comum
866 3338 948 3401 iuter
970 3336 1134 3402 Insubriae
1160 3338 1260 3402 urbes
1281 3344 1340 3402 eut

255 3451 430 3514 perperam
446 3452 467 3496 u
481 3432 666 3504 Ptolemaeo
681 3434 805 3513 referri,
819 3442 878 3499 aut
892 3437 990 3500 aliam
1010 3436 1173 3520 quandem
1189 3447 1340 3504 secenum

255 3531 453 3596 divisionem
469 3533 502 3596 N
504 3553 744 3600 ovocomeuses
759 3535 842 3600 inter
863 3536 1019 3615 Insubres
1033 3537 1193 3602 retulisse.
1237 3538 1339 3617 Nem,

255 3633 312 3714 qui
321 3632 502 3714 imperante
508 3632 663 3716 Augusto
673 3637 808 3719 scripsit
818 3636 945 3714 Livius,
959 3637 1046 3702 libro
1057 3638 1100 3701 ab
1111 3639 1190 3703 urbe
1204 3637 1340 3704 condita

254 3732 423 3814 trigesimo
433 3735 542 3811 tertio,
558 3735 718 3816 inquiens,
740 3736 958 3817 ‘Marcellus
974 3738 1069 3802 Pedo
1085 3739 1260 3804 confestim
1275 3748 1339 3804 tra·

249 3834 355 3916 jecto,
379 3833 414 3896 iu
434 3851 547 3911 agrum
563 3832 769 3913 Comensem,
784 3836 841 3900 ubi
863 3838 1034 3917 Insubres,
1054 3838 1278 3904 Comensibus
1294 3840 1339 3914 au

255 3935 347 3999 aima
366 3934 500 4010 excitis,
525 3943 636 4000 castre
663 3935 840 4013 hebebant,
869 3938 983 4004 ducit’
1039 3939 1084 4004 Et
1108 3947 1186 4022 post
1210 3960 1338 4024 pauca:

255 4035 510 4118 ‘'I'riurnpbevit
525 4034 706 4102 Marcellus
728 4037 763 4101 in
781 4041 974 4122 magistratu
991 4040 1033 4104 de
1057 4041 1255 4106 Insubribus
1274 4041 1339 4107 Co·

255 4135 512 4220 mensibusque!
555 4138 699 4203 Secutus
727 4139 860 4204 Livium
881 4141 1039 4222 Sigonius
1059 4160 1186 4206 summo
1201 4143 1339 4208 coneilio
