3006 4874
464 379 512 426 on
536 380 567 428 c.
592 379 720 428 ιιιιιιο
745 381 930 432 sacouno.
1183 373 1245 460 143

151 524 257 583 turmt
279 520 505 586 historiarum*
528 523 657 606 triginta
673 532 828 608 septem,⁵
850 547 936 610 opus
956 528 1122 608 diffusum,
1139 532 1247 598 erudi-

150 631 232 698 tum,
249 641 310 686 nec
323 623 435 688 minus
450 626 592 700 varium,
614 646 714 710 quam
730 628 806 710 ipsa
822 635 947 694 natura.
993 631 1141 710 Miraris,
1157 635 1246 716 quod

152 732 203 786 tot
218 725 399 798 volumina,
415 728 585 811 multaque
606 729 640 792 iu
663 729 706 793 iis
721 738 791 793 taur
806 732 1015 814 scrupulosa,
1029 733 1129 797 homo
1145 753 1246 798 occu·

150 835 253 908 patus
276 828 486 892 absolveritl
531 828 644 912 Magis
669 831 853 908 miraberis,
877 834 905 895 si
928 834 1043 897 scieris
1065 834 1157 898 illum
1185 835 1246 899 ali·

150 927 308 1008 quamdiu
328 947 449 992 causas
471 933 644 1008 actitasse,
660 931 847 996 decessisse
870 953 957 997 auno
980 943 1079 999 sexto
1102 943 1135 1000 et
1151 938 1246 1019 quiu-

150 1025 405 1111 quagesimor⁶¹
427 1031 572 1095 medium
594 1041 725 1116 tempus
750 1033 954 1099 distentum⁷
981 1036 1243 1121 impeditumque

150 1149 218 1212 qua
232 1129 351 1195 officiis
368 1134 522 1196 maximis
545 1153 612 1217 qua
628 1135 777 1199 amicitia
800 1137 988 1220 principum
1011 1139 1132 1218 egisse.
1176 1139 1244 1204 Sed

149 1241 220 1296 erat
235 1251 312 1297 acre
333 1235 509 1318 ingenium,
532 1236 724 1300 incredibile
741 1237 899 1314 studium,
915 1258 1043 1303 summa
1059 1240 1243 1322 vigilantia.

151 1332 360 1398 Lucubrare¹
391 1356 410 1399 a
439 1337 708 1402 Vulcanalibus⁸
733 1338 934 1422 incipiebat,
957 1358 1023 1402 non
1048 1341 1245 1422 auspicandi

623 1521 788 1544 ΙΙΙΙΙΙΙΙΝΟ

149 1639 248 1688 lienem.
261 1639 352 1688 Delec.
365 1640 446 1704 ergrl.
459 1645 528 1690 lota
547 1642 602 1690 Ele.
614 1641 727 1691 Gronov.
740 1640 867 1690 Hardnin.
878 1647 900 1690 ι.
912 1645 937 1690 2.
950 1645 974 1691 t.
993 1647 1019 1690 et
1032 1642 1171 1692 urana-r
1190 1645 1244 1692 Na-

148 1705 262 1752 turalium
274 1705 397 1753 analect.
410 1721 451 1767 up.
463 1705 626 1754 cronon—o
638 1705 681 1755 lta
692 1706 798 1767 Bipont.
810 1705 924 1766 Brotier,
936 1713 963 1754 et
975 1705 1053 1755 Plinii
1062 1707 1176 1756 ,luntario
1185 1706 1245 1755 edd.

149 1775 263 1816 recenti.
276 1767 361 1816 XXX
365 1769 422 1818 Vll.
440 1769 518 1818 Besil.
539 1769 623 1832 Lugd.
640 1769 741 1832 ‘Ererm
760 1769 853 1818 Delec.
866 1769 949 1832 Logd.
962 1773 1034 1820 rouo.
1053 1771 1108 1820 Eia.
1126 1771 1244 1820 Gronov.

149 1831 278 1880 ilarduiu.
291 1837 312 1880 1.
323 1837 347 1881 t.
360 1835 383 1880 3.
397 1842 423 1880 et
437 1834 577 1882 Frena-u
592 1832 634 1882 lta
652 1833 709 1882 Etr.
732 1833 838 1896 liipout.
855 1834 967 1890 Brotier.
984 1842 1013 1882 et
1031 1833 1109 1884 Plinii
1127 1834 1244 1885 Juniorir

149 1895 210 1944 edd.
231 1903 342 1946 receuti.
364 1895 443 1947 Vter
463 1899 494 1948 Ι..
514 1897 596 1946 Beril.
616 1898 696 1960 barad.
717 1899 817 1946 Erram.
836 1898 926 1946 Dulce.
945 1897 1111 1960 Languidus.
1128 1897 1244 1948 Gronov.

151 1959 280 2009 Hardnio.
294 1963 349 2010 Η.
360 1965 384 2010 t.
402 1968 428 2009 et
448 1962 586 2011 Frena-i
605 1961 718 2011 Grouur.
736 1961 930 2010 dictrictum-8
946 1962 996 2011 ’.4.
1006 1965 1030 2009 d.
1051 1961 1094 2010 VI.
1107 1963 1165 2011 Kal.
1176 1963 1243 2027 Sqrt.

149 2025 186 2074 ati
197 2024 299 2074 habeut
309 2038 397 2074 omncs
411 2025 479 2074 Furti
492 2033 555 2075 vett.
568 2039 617 2075 uon
629 2034 715 2076 eutem
728 2025 764 2074 Χ.
781 2033 810 2075 ut
822 2035 940 2075 ueterum
952 2025 1096 2089 ignorantia
1107 2041 1244 2092 perperam

641 2195 751 2247 Nouia

148 2325 185 2373 ita
203 2323 340 2388 prodente,
358 2326 382 2374 io
400 2325 558 2377 Praeietione
580 2326 612 2376 ad
633 2327 676 2376 Ti·
716 2324 781 2375 uidit
799 2324 877 2388 igitur
894 2321 985 2373 natalie
1000 2323 1055 2387 ejus
1067 2321 1092 2372 in
1105 2337 1197 2374 anuum
1209 2323 1243 2373 eb

149 2401 317 2449 tum:‘Noe
334 2399 436 2464 quidem
453 2411 676 2465 omnee,patrem,
717 2399 787 2450 Urbe
814 2391 918 2450 condita
951 2403 1009 2448 724.
1035 2397 1137 2448 'liberio
1161 2400 1244 2462 impe·
1293 2445 1295 2448 ,
1398 2457 1406 2470 ι

148 2483 183 2536 te,
202 2474 361 2540 fratremque
378 2475 488 2525 diximus
503 2491 581 2540 opere
593 2479 677 2540 josto,
717 2483 799 2537 rante,
819 2483 878 2539 post
896 2475 1026 2524 Christum
1044 2479 1134 2522 uatum
1152 2473 1243 2523 viceri-

148 2561 293 2616 temporum
305 2559 449 2601 uoetrornm
461 2553 590 2602 historiam
600 2554 676 2602 orsia
716 2567 757 2601 mo
775 2553 868 2600 tertio:
886 2551 973 2600 obitur
983 2549 1009 2598 io
1021 2563 1114 2598 aunum
1126 2549 1177 2598 Titi
1190 2551 1242 2612 pri·

147 2625 412 2676 finertutidiiliarei!
444 2628 527 2678 Etiam
549 2639 576 2677 et
593 2629 675 2678 Nero·
716 2643 794 2692 mum,
806 2627 884 2678 Urbis
895 2629 951 2676 8³1.
985 2627 1244 2676 ErretsereuutSa·

147 2705 196 2764 nie,
214 2703 342 2766 rupremie
361 2703 464 2766 imperii
478 2705 561 2753 anuis.
595 2703 676 2754 Libro
716 2705 831 2754 montcue
842 2699 910 2766 apud
922 2702 1082 2752 Macrobium
1097 2702 1198 2752 Satura.
1211 2715 1243 2749 ιι.

148 2791 179 2826 ιι.
192 2791 252 2840 cap.
264 2781 306 2826 85.
323 2779 332 2806 ⁴
348 2779 406 2828 Non
424 2779 506 2827 mium
528 2779 618 2828 mirum
636 2795 675 2829 or·
717 2783 756 2829 12.
781 2779 827 2844 qui
846 2791 927 2843 usque
945 2777 978 2827 ed
994 2778 1095 2841 bujani
1116 2777 1242 2842 principis

148 2861 247 2902 tentum
257 2861 285 2904 et
295 2860 383 2904 neutra
391 2855 514 2918 coguovit
525 2863 599 2917 retas,
609 2869 675 2906 anuo
718 2863 834 2917 tempora
845 2855 937 2903 vixisse
949 2867 1006 2903 euru
1019 2860 1160 2903 assereret.

148 2932 261 2980 Neronis
280 2931 405 2994 principie
422 2946 553 2995 supremo,
565 2935 634 2983 sicut
650 2933 675 2983 ln
749 2928 919 2991 'erlrurd
944 2928 1009 2977 Cum
1031 2928 1132 2991 hyeme,
1157 2927 1242 2976 verbis

148 3007 224 3056 rebar
235 3007 291 3071 ejur
303 3006 485 3070 exposuimam
510 3009 611 3072 Etcap.
620 3013 675 3059 loo.
716 3005 814 3055 Mureti
826 3010 885 3054 utor
895 3005 957 3053 Ver.
970 3003 1000 3052 L.
1017 3015 1100 3052 xvrrr.
1114 3005 1154 3052 lt.
1167 3015 1244 3065 prop·

147 3083 264 3132 ‘Anrues
288 3088 357 3132 retro
380 3081 460 3131 liuere
479 3090 507 3133 et
532 3091 620 3133 nostru
639 3085 675 3133 ri·
716 3089 757 3132 ter
778 3081 961 3146 longitudinem
984 3079 1108 3139 noctium,
1126 3079 1242 3128 bominee

147 3158 185 3206 dit
197 3166 272 3220 ates,
284 3157 395 3208 Neronis
407 3159 529 3223 principie
541 3161 615 3209 anule
634 3175 675 3210 ru·
716 3157 808 3207 etudiie
825 3156 918 3214 dediti,
936 3162 964 3204 et
984 3154 1086 3218 vesperi
1106 3153 1242 3203 lucubrare

147 3233 254 3295 premis,
275 3233 342 3282 aient
366 3234 392 3281 in
415 3233 492 3282 rebor
514 3233 568 3297 ejue
586 3235 674 3285 retuli-
715 3241 744 3284 et
755 3249 838 3294 mune,
849 3234 928 3282 molto
945 3237 1005 3282 aute
1022 3244 1140 3280 errrorem
1157 3230 1241 3280 rediu-

147 3307 223 3358 mne.'
715 3321 769 3358 rum
782 3309 920 3358 ardentum
937 3306 1057 3369 indicem,
1074 3305 1167 3355 librum
1184 3319 1241 3355 cum

178 3384 185 3418 ¹
203 3385 304 3432 Nuteroe
322 3384 484 3446 historiarum]
502 3384 569 3434 Illud
590 3386 673 3448 iprum
713 3384 809 3433 lumiue
827 3382 1068 3447 poscereeoleun13
1089 3386 1180 3430 ertete
1203 3388 1242 3429 ta·

145 3459 212 3522 qrrod
231 3458 356 3508 babemus
372 3473 424 3522 prae
442 3459 567 3508 manibus.
610 3461 673 3524 Ejus
713 3472 771 3506 men
789 3472 839 3507 nou
857 3457 930 3506 multi
947 3456 1121 3521 reperiuntur,
1131 3455 1174 3519 qul
1189 3469 1241 3504 nou

147 3537 267 3600 Epitome
286 3551 301 3584 a
320 3536 444 3585 lirinaldo
456 3535 565 3599 quodam
577 3535 674 3600 scripte
714 3533 770 3582 illae
788 3531 879 3582 breves
897 3539 924 3581 et
941 3535 1088 3581 contractae
1100 3537 1191 3581 noctes
1203 3531 1241 3580 in·

146 3622 236 3662 extare
248 3612 345 3662 oxonii
358 3603 462 3675 dicitnr,
473 3613 498 3660 in
512 3611 673 3662 Bibliotheca
714 3618 800 3674 tegrin
811 3610 949 3659 dormiant.
973 3609 1048 3659 Idem
1058 3617 1161 3659 veteres
1171 3609 1241 3660 vide·

146 3689 254 3752 Collegii
279 3687 453 3747 Ballinienrir,
480 3689 517 3737 ira
543 3685 673 3738 referente
713 3684 1240 3750 ticetiaetitrbeut:nequeuntelucauam

147 3763 239 3813 Verrio
251 3763 284 3812 de
296 3763 367 3814 illut.
381 3763 440 3813 Lat.
452 3777 472 3812 ι.
482 3767 522 3813 29.
713 3761 916 3811 lucubrationem
936 3758 992 3808 iere
1015 3759 1175 3824 incipiebant
1192 3760 1240 3810 uiri

178 3836 341 3888 *omnam
359 3853 421 3888 oneo
441 3846 518 3899 uoto,
537 3840 591 3903 tra]
607 3839 674 3890 Pori
712 3836 984 3887 subtinernrutumul.
1017 3837 1165 3889 Jureuellr:
1183 3836 1241 3887 ‘At

146 3927 341 3978 ennumquam
361 3912 440 3962 libros
459 3915 602 3976 publicarit
613 3915 674 3963 ilir-
712 3931 781 3966 nuuc
799 3917 865 3966 Post
881 3915 958 3965 duem
975 3917 1090 3965 autumni
1106 3915 1191 3964 medlo
1207 3915 1240 3964 de

147 3990 220 4038 toriae
238 3989 385 4039 Naturalis:
407 3989 474 4052 qaod
498 3988 593 4040 fectum
613 4005 674 4040 ere
713 3999 791 4042 uocte
817 3993 936 4056 rupinum
964 3989 1095 4040 Clemoeur
1116 3990 1239 4054 jureuem

146 4079 211 4113 euno
224 4073 282 4127 port
295 4065 391 4114 Urbem
403 4064 531 4115 conditam
544 4069 601 4115 88⁰.
617 4068 673 4130 pln—
713 4075 789 4132 peter
801 4068 914 4118 excitat:
933 4065 1032 4130 Accipe
1043 4079 1127 4128 cereo,
1138 4065 1239 4129 Scribe,

146 4141 216 4189 nmio
231 4140 296 4190 locis
313 4141 369 4203 ipre
387 4149 509 4202 tentatur,
532 4149 561 4192 ut
581 4143 606 4191 in
628 4143 673 4192 de·
713 4141 797 4206 puca'
829 4139 1240 4206 Eretquidemiueonruetudine
1300 4133 1305 4140 ’

146 4230 221 4265 curru
239 4216 327 4280 operio
344 4215 482 4266 iudicaturi
499 4231 595 4266 sumere.
630 4217 673 4268 lu·
713 4219 834 4284 perituro,
853 4227 882 4270 ut
896 4217 929 4270 de
946 4231 1033 4269 meare
1047 4219 1164 4286 augurio
1175 4221 1238 4272 Vul·
