3038 4880
506 411 591 460 nnn.
616 413 713 464 nrsr.
737 415 809 466 ιιιι.
834 417 873 467 ιι.
895 405 949 471 82.
1206 419 1271 483 473

229 561 386 611 ιιιιιιιιι.
407 549 572 637 (cxxx)
592 555 695 622 Varie
709 559 840 644 itaque⁵
856 566 1011 647 quatitur,
1026 575 1060 632 et
1074 571 1158 636 mira
1169 573 1271 640 edun-

180 649 234 710 tur
255 667 357 731 opera
378 651 460 716 abbi
484 658 658 737 prostratis
685 665 866 742 moeuibus,
888 666 969 730 alibi
991 668 1083 733 biatu
1106 675 1272 754 profundo

178 747 321 829 haustis,
342 753 422 818 alibi
444 757 564 837 egestis
579 759 736 840 molibus,
752 764 833 829 alibi
848 767 980 832 emissis
996 773 1151 838 omuibus
1164 795 1173 839 ι
1188 795 1269 840 noo·

179 868 348 934 uunquam
365 857 464 920 etium
478 859 620 939 ignibus,
635 863 820 928 calidisve*
842 867 1004 947 fontibus,
1017 873 1096 938 alibi
1112 895 1227 941 averso
1237 887 1269 918 ¹⁰

179 949 351 1018 fluminum
375 977 487 1022 cursu.
532 961 697 1028 Praecedit
718 965 821 1030 veroul
843 972 1085 1058 comitaturque
1111 979 1281 1043 terribilis.

178 1070 295 1133 sunus,
311 1059 396 1123 alias
409 1071 580 1126 murmur‘
595 1065 737 1130 similius
752 1071 959 1152 mugitibus,¹
981 1081 1039 1140 aut
1057 1077 1192 1144 clamori
1207 1082 1268 1145 bu·

176 1173 289 1234 manu,
304 1176 513 1226 armorumve
528 1163 734 1247 pulsantium
749 1169 890 1253 fragori:
913 1191 974 1256 pro
989 1175 1150 1258 qualitate
1164 1185 1268 1246 mate·

175 1256 236 1320 rim
247 1259 459 1342 excipientis,
473 1264 643 1349 iunnaque
658 1270 710 1334 vel
725 1289 950 1353 cavernarum,
966 1277 1019 1340 vel
1036 1279 1194 1357 cuniculi,
1208 1301 1268 1364 per

175 1375 276 1438 quem
291 1369 392 1455 meat,
406 1363 552 1429 exilins‘
575 1377 747 1449 grassante
761 1375 794 1436 in
813 1385 966 1456 angusto,
983 1378 1099 1443 eodem
1112 1399 1215 1446 rauco
1232 1384 1267 1448 iu

173 1462 333 1539 recurvis,
361 1466 543 1531 resultante
565 1470 600 1532 iu
623 1471 725 1551 duris,
748 1474 893 1541 terrente
915 1477 948 1541 in
969 1478 1126 1561 humidis,
1147 1481 1267 1549 fluctu-

174 1565 252 1625 ante
267 1562 303 1625 in
319 1569 568 1648 stagnantibus:
590 1571 669 1636 itcm
691 1575 868 1641 trementet
893 1585 1008 1644 contra
1030 1581 1151 1646 solida.
1195 1583 1267 1650 Ita·

173 1679 238 1743 que
252 1668 286 1726 et
301 1664 416 1729 sinetg
429 1675 520 1734 mutu
537 1691 631 1756 saepe
646 1673 875 1741 editursonus.
922 1680 997 1745 Nec
1009 1682 1156 1764 simplici
1166 1686 1266 1751 modo

173 1763 347 1844 quatitur}
361 1767 421 1832 sed
437 1774 546 1838 tremit
564 1775 751 1860 vibratque.
797 1777 924 1845 Hiatus
950 1801 1029 1847 raro
1052 1783 1137 1848 alias
1159 1805 1266 1851 remu·

170 1873 243 1942 net,
261 1868 444 1935 ostendeus
459 1893 534 1956 qum
550 1879 687 1956 sorbuit,
707 1881 793 1945 alias
817 1883 964 1948 occultat
979 1903 1036 1948 ore
1052 1903 1264 1969 compresso,

170 1983 353 2052 rursusque
368 1973 418 2048 ita
426 1973 563 2040 inductu
579 1979 663 2056 solo,
679 1988 717 2046 ut
732 1982 824 2047 nulla
837 1985 979 2066 vestigia
993 1992 1112 2064 extent,
1124 1987 1264 2052 urbibus

625 2155 655 2176 Ν
657 2157 807 2178 ΙΙΙΙΙΙΙ

204 2244 271 2294 Cur.
283 2258 391 2296 cxxxrr.
425 2253 435 2298 l
456 2249 497 2300 Ite
509 2250 585 2302 codd.
598 2253 687 2304 Dnlec.
699 2255 773 2314 Laet,
784 2265 811 2306 et
823 2257 908 2308 chiffl.
920 2266 973 2308 net.
988 2259 1100 2324 exempl·
1117 2261 1224 2324 Ermmi,
1235 2270 1263 2313 et

169 2321 256 2356 cornea
268 2309 343 2359 codd.
354 2311 492 2373 nerduini,
511 2316 572 2365 item
584 2317 710 2368 Harduiu.
722 2325 745 2369 1.
756 2324 781 2370 0.
792 2326 816 2370 8.
834 2323 931 2372 Miller.
943 2324 1049 2386 Bipont.
1067 2333 1094 2372 et
1106 2326 1198 2377 Franz.
1218 2329 1261 2376 ad·

168 2386 235 2420 neno
247 2374 306 2422 edd.
319 2381 383 2425 vett.
395 2387 456 2426 aute
470 2379 644 2432 ilerdam-2
661 2383 743 2434 Cadd.
755 2385 845 2436 Dulec.
857 2397 884 2437 et
898 2385 983 2438 cntffl.
997 2389 1058 2437 uliae
1073 2391 1187 2440 murmuri
1196 2391 1263 2441 aini-

168 2436 208 2496 tte,
220 2437 280 2487 aliae
291 2439 429 2500 mugitibus.
463 2443 526 2493 Mox
537 2443 622 2496 chiffl.
640 2448 776 2498 abancune
789 2467 814 2515 p.
826 2451 931 2514 fragori.
965 2453 1049 2501 Paulo
1067 2461 1127 2516 post
1139 2455 1263 2506 Salmnnt.

167 2502 206 2549 uel
215 2503 327 2563 cuniculi,
341 2517 384 2566 per
394 2521 460 2568 quern
470 2507 506 2571 fit
516 2509 651 2559 cettan-t
665 2511 749 2564 Codd.
764 2515 857 2565 Delac.
866 2523 893 2565 et
906 2525 958 2565 ret.
969 2517 1096 2580 ejusdem,
1107 2520 1169 2568 item
1178 2517 1263 2569 cutm.

167 2573 196 2612 et
206 2566 330 2615 salmam.
344 2571 457 2631 remrein,
467 2573 597 2624 resultante
606 2573 631 2623 in
642 2577 716 2634 duria,
724 2577 845 2636 siemente
857 2581 883 2630 tn
894 2581 1004 2642 tumidis,
1013 2583 1148 2645 fluctuante
1158 2583 1184 2632 in
1194 2590 1262 2646 etag-

167 2631 287 2689 nrutiluu,
297 2632 418 2698 fauente,
428 2638 467 2698 aa.
484 2637 542 2686 eod.
553 2653 595 2701 ap.
606 2640 678 2689 beet.
690 2642 765 2691 etium
777 2643 897 2703 semente,
908 2645 976 2694 unde
988 2646 1032 2694 ille
1044 2648 1113 2710 conj.
1121 2648 1261 2710 frangente.

167 2698 216 2742 -4
227 2695 370 2759 Quandoque
380 2703 403 2746 et
413 2698 464 2748 eine
475 2701 531 2750 cod.
540 2703 629 2753 Delec.
638 2703 689 2752 eine
702 2711 764 2754 metu
775 2723 1004 2772 errorecperurum
1016 2710 1042 2758 in
1051 2711 1093 2760 ed.
1103 2711 1227 2760 Hardolu.
1235 2715 1261 2760 0.

167 2757 247 2820 quod,
255 2761 374 2822 demere,
383 2764 481 2826 recepit
490 2765 582 2816 Franz.
590 2782 646 2816 eum
658 2783 711 2816 var.
721 2771 781 2818 lect.
792 2778 912 2821 rnatu-b
923 2773 986 2821 lldd.
995 2781 1125 2824 netounte
1133 2775 1261 2825 Harduin.

168 2823 277 2884 quatitur
287 2837 388 2888 anquam
395 2843 405 2883 ,·
422 2829 548 2891 particula
558 2845 659 2894 unquam
670 2832 745 2883 deant
756 2834 782 2883 lu
793 2835 870 2885 codd.
882 2837 971 2887 Dalec.
983 2845 1010 2886 et
1021 2838 1081 2888 edd.
1096 2840 1223 2890 Herduln.
1235 2844 1260 2891 1.

660 2969 768 3020 Nom

200 3079 212 3106 ⁸
226 3074 298 3125 Varie
317 3076 410 3150 itaque]
424 3077 491 3130 Hac
509 3095 541 3131 ex
563 3081 643 3133 Arist.
660 3083 695 3132 de
734 3085 801 3134 enim
814 3085 891 3136 aliter
902 3091 998 3150 posset,
1010 3092 1038 3136 ut
1049 3087 1086 3137 nit
1102 3093 1191 3137 noster
1203 3089 1262 3139 Vir·

167 3149 278 3211 Mundo,
289 3167 347 3216 cup.
358 3160 383 3204 4.
395 3170 421 3217 p.
431 3159 488 3206 000.
733 3163 826 3225 gilius:
843 3161 915 3211 ‘Sub
933 3161 1040 3225 pedibus
1060 3164 1158 3224 mugire
1169 3165 1259 3222 aulum,

200 3224 355 3293 bCalidisue]
373 3231 544 3283 eralencitcu
557 3233 693 3298 AEdepsom
733 3247 760 3286 et
770 3239 833 3302 juge
844 3239 914 3286 celsa
931 3237 1044 3298 nrurerl‚’
1060 3237 1109 3286 uini
1126 3238 1174 3286 boc
1190 3248 1260 3289 esset

166 3301 242 3352 simili
260 3319 292 3352 en
305 3320 380 3355 causo
392 3307 521 3368 prodiere,
535 3315 601 3356 teate
612 3309 694 3361 Arist.
732 3328 796 3377 opos
810 3313 964 3370 rentornrn,’
974 3316 1024 3362 dec.

165 3377 345 3430 Meteonem
357 3385 483 3445 &podo
500 3383 543 3432 Ad
553 3383 633 3435 saled
644 3391 695 3450 tep-
764 3385 903 3450 tuatim}
923 3387 979 3437 Huc
1004 3387 1037 3436 sd
1057 3402 1146 3438 eunom
1167 3388 1259 3440 reterri

164 3453 301 3521 udrdeepl
316 3457 416 3521 nuspa
428 3457 474 3506 ἀπὸ
489 3457 601 3520 τοιαύτης
619 3459 695 3511 delae
733 3463 821 3524 debet,
838 3464 881 3528 qui
900 3469 952 3512 tum
971 3461 1066 3526 editur,
1082 3478 1139 3514 cunr
1158 3477 1259 3530 pernu-

164 3531 259 3595 γέγονε.
732 3537 1074 3602 gustomt'oranreospiritus
1087 3547 1164 3589 meet.
1190 3539 1258 3590 Nam

197 3617 209 3643 θ
241 3610 308 3660 Alibi
328 3611 420 3677 uuum]
445 3613 488 3665 lta
507 3615 571 3667 Μιι.
593 3633 692 3684 omnen,
731 3615 1259 3684 nideviagiturvehementiaquecuncua·

166 3699 227 3746 non,
245 3691 274 3734 ut
289 3685 364 3748 editi,
384 3691 491 3742 aduam.
524 3693 592 3744 Vnde
613 3709 692 3747 xxxi.
732 3707 783 3755 rus,
799 3707 874 3741 necne
895 3707 922 3742 aa
946 3707 987 3741 res
1006 3692 1096 3744 lubet.
1128 3693 1259 3744 ‘Percli-

164 3765 206 3810 ab.
460 3773 475 3794 ¹·
731 3782 806 3832 quern
830 3767 918 3817 riorum
940 3766 1050 3832 maligne
1071 3765 1158 3832 sugit,'
1174 3769 1258 3832 lnquit
1271 3775 1283 3792 ·

196 3833 209 3868 ‘¹
226 3835 347 3886 Praecedit
364 3840 429 3904 tero]
444 3842 484 3890 Ex
495 3841 578 3896 Arist.
589 3845 691 3895 Meteo—
731 3843 828 3892 Seuera
839 3844 889 3892 loc.
903 3841 946 3892 cit.
959 3857 1014 3905 cap.
1026 3846 1066 3893 ll.
1079 3844 1123 3892 ‘et
1132 3843 1179 3893 buc
1192 3843 1258 3892 aerl-

164 3914 212 3964 rol.
222 3927 254 3962 ιι.
264 3917 287 3962 8.
301 3929 327 3978 p.
336 3919 394 3965 500.
730 3932 760 3966 ιιι
771 3913 863 3979 fartor,
878 3932 929 3983 quo
945 3915 1099 3982 augustius!
1132 3917 1209 3968 Hunc
1220 3917 1258 3968 lu·

196 3997 207 4024 ι
223 3989 416 4055 Aliaaanurnur]
432 3993 532 4042 Seneca
550 4007 589 4044 ιιι.
606 3999 645 4046 rs.
662 4010 689 4058 p.
730 4007 788 4044 cum
799 4008 832 4043 ex
844 3999 908 4043 vett.
919 3994 996 4042 codd.
1009 3993 1084 4042 aliter
1095 3993 1258 4058 iuterpnnxl·

165 4069 221 4114 008.
235 4065 384 4129 ‘ideaque'
393 4067 438 4122 ait,
455 4068 609 4132 ‘antequam
620 4078 690 4120 terre
729 4083 795 4129 mua,
806 4081 882 4136 quam
894 4066 952 4116 libri
971 4068 1094 4118 baeterrae
1108 4069 1186 4120 editi:
1204 4069 1256 4120 Pll·

138 4139 139 4144 ’
166 4150 308 4201 morentur,
320 4141 386 4190 solet
397 4141 509 4204 mugitus
526 4142 618 4206 audiri,
631 4159 700 4220 rem·
730 4143 786 4192 nius
798 4157 830 4190 ex
844 4142 922 4193 Arist.
933 4143 1028 4206 bausit,
1040 4143 1143 4195 londo
1206 4155 1209 4162 ⁴

165 4215 199 4265 u·
226 4215 252 4266 iu
278 4215 368 4268 abdito
390 4217 624 4270 tumultuantibus:
641 4231 690 4269 nec
762 4225 775 4263 t
791 4217 983 4283 Itaqueiam]
1001 4215 1083 4268 Arist.
1102 4218 1152 4270 loc.
1163 4219 1207 4271 cll.
