3016 4876
477 375 656 444 escrror.
683 400 793 448 rnnnr
818 390 1003 456 orbrnrnr.
1238 400 1282 466 ab
1386 381 1388 386 ⁵

190 527 294 592 altero
314 549 488 612 perperam
508 535 689 620 subrogato
710 539 951 614 Novocomensis.
995 550 1129 630 Videte,
1151 553 1277 634 Patres,

189 648 257 710 qno
272 629 471 698 desiderium
486 637 566 714 (leni
582 642 683 705 verbo
699 651 733 707 et
746 646 885 712 remisso
906 648 1037 715 dicendi
1056 672 1172 734 genere
1191 657 1279 740 utar)

187 728 337 796 bominac
356 736 547 819 praecipites
569 742 729 824 impellat,
744 746 824 827 quid
846 767 909 812 non
931 749 1033 815 iaciat
1048 755 1276 822 comminisci:

187 829 323 896 licentia
336 835 514 918 plusquam
527 841 738 924 imperatoria
753 865 836 910 neus
853 848 1021 916 Pantbens
1043 852 1202 919 Suetonio
1213 877 1277 921 sua

186 949 289 1013 opera
302 933 430 1014 adimit,
439 937 638 1006 adulationis
649 952 761 1008 notam
771 946 881 1024 inurit,
892 950 1008 1032 objicit
1022 953 1163 1034 lapsum,
1174 957 1276 1021 rerba

186 1035 360 1117 expungit,
382 1037 541 1102 lectiones
555 1042 716 1108 im'mntat.
760 1046 797 1110 Si
820 1051 979 1129 quaeratis
994 1055 1160 1133 rationem,
1183 1058 1275 1122 nulla

185 1138 259 1210 cst;
282 1136 342 1198 sed
367 1139 439 1220 ejus
460 1138 537 1202 loco
560 1142 716 1209 voluntas
734 1148 831 1211 nobis
855 1151 1047 1232 accipienda
1072 1165 1132 1219 est.
1182 1157 1273 1236 Quid

186 1231 356 1298 Pantheon
371 1235 519 1302 facturus
533 1239 662 1319 suisset,
677 1245 706 1306 si
721 1247 796 1328 quis
811 1250 943 1312 verbnm
957 1252 1037 1316 illud
1050 1259 1273 1334 coretcrruu'ens,

183 1351 250 1414 quo
269 1336 417 1399 maxime
433 1339 561 1415 nititur,
577 1348 613 1404 et
627 1344 717 1424 qnod
734 1348 835 1410 totius
850 1348 1081 1432 disputationis
1095 1361 1130 1417 et
1143 1358 1273 1437 opinio·
1330 1401 1337 1420 ,

182 1433 234 1496 nis
250 1453 323 1500 snae
340 1437 441 1501 veluti
457 1438 562 1503 basim
584 1459 625 1506 ac
640 1441 861 1510 firmissimum
886 1448 1133 1518 fundumentum
1149 1459 1271 1521 consti·

183 1535 255 1611 tuit,
277 1545 376 1618 neget
398 1537 497 1603 Plinii
517 1561 605 1620 csse,
627 1550 725 1626 neget
747 1545 889 1612 Plinium
904 1550 1077 1617 Juniorem
1094 1555 1270 1622 Patavium

181 1635 248 1698 sibi
268 1638 459 1719 proximum
482 1642 612 1720 iecisse,
634 1663 700 1726 qno
720 1655 909 1728 argumento
927 1654 1023 1716 nobis
1038 1663 1186 1738 ereptum
1202 1659 1270 1723 Pli-

180 1737 270 1800 nium
287 1746 401 1820 pntat;
424 1743 454 1804 si
470 1741 505 1804 in
518 1745 739 1810 exscribendo
753 1749 890 1832 antiqno
907 1752 1159 1835 Epignomum,
1174 1759 1269 1842 quus

179 1840 381 1904 anctoritate
396 1859 458 1905 nos
473 1843 515 1906 de
529 1863 634 1909 cansa
647 1853 759 1911 nostra
773 1868 907 1930 prorsus
923 1855 1085 1920 cecidisse
1100 1858 1268 1938 gloriatur,

178 1937 338 2018 majorem
350 1941 384 2002 in
400 1960 442 2006 eo
453 1942 552 2007 fidem
565 1947 724 2028 requirat,
739 1948 768 2010 si
789 1952 1021 2030 cognationem
1041 1955 1145 2027 illam.
1166 1976 1268 2038 qnam

177 2036 265 2100 adeo
275 2039 397 2121 jactat,
420 2049 458 2106 nt
474 2043 619 2108 Plinium
632 2045 855 2112 Veronensem
869 2069 945 2114 esse
961 2055 1151 2131 convincat,
1173 2056 1267 2120 fabu-

174 2137 242 2202 lam
266 2157 353 2216 esse,
376 2143 542 2224 quispiam
556 2143 700 2226 dixerit;
722 2147 814 2230 quid,
838 2143 927 2226 dico,
951 2150 1123 2217 Pantbens
1146 2155 1266 2218 fnisset

176 2237 345 2304 iacturnsl
367 2261 520 2323 magnam
536 2245 669 2327 quidem
685 2249 748 2311 sibi
770 2249 921 2332 injuriam
937 2252 1062 2316 illatam
1079 2271 1146 2317 non
1161 2255 1270 2340 addu-¹

175 2339 248 2402 bito
264 2341 369 2404 tuisse
383 2342 661 2422 exclamaturum,
683 2349 796 2427 negari
813 2349 924 2420 omnia
936 2352 1007 2414 sine
1021 2352 1159 2428 ratione,
1174 2353 1264 2434 quod

173 2439 329 2520 equidem
345 2461 405 2523 ego
417 2461 551 2526 quoque
565 2443 750 2510 iaciendum
770 2466 835 2510 non
855 2468 929 2512 esse
950 2449 1117 2528 confirmo,
1139 2459 1263 2516 etcum

173 2559 215 2604 eo
228 2541 262 2603 in
276 2542 340 2605 boc
356 2545 528 2618 convenio,
550 2552 585 2609 nt
600 2547 738 2622 ratione,
753 2565 817 2609 non
830 2549 999 2613 voluntate
1015 2552 1262 2615 contendamus.

174 2639 399 2717 Quamobrem
420 2662 460 2706 ne
482 2643 623 2726 posthac
638 2644 762 2708 dictum
777 2665 797 2709 a
812 2648 909 2711 nobis
924 2649 1101 2731 quicquam
1117 2669 1262 2732 conque·

172 2748 276 2818 ratur,
292 2743 388 2824 cujus
405 2745 489 2808 ratic
507 2745 712 2826 incomperta
725 2745 779 2820 sit,
794 2746 919 2824 audite,
933 2747 1064 2826 Patres,
1080 2751 1160 2832 qnid
1174 2750 1261 2814 Her-
1288 2745 1298 2762 '

170 2842 302 2905 molaus
316 2843 495 2920 Barbarus,
510 2844 673 2925 patricius
683 2842 846 2923 Venetus,
857 2864 922 2908 non
934 2846 1119 2925 Comensis,
1129 2850 1178 2911 vir
1191 2871 1262 2914 oru-

170 2940 309 3005 ditionis
324 2943 458 3007 minime
471 2944 625 3024 vulgaris,
639 2950 672 3007 et
686 2945 796 3008 aetatis
811 2964 882 3008 snae
896 2945 1161 3013 doctissimorum
1175 2951 1260 3014 viro·

170 3059 243 3102 rum
258 3043 377 3105 nemini
399 3042 580 3121 secundus,
603 3063 645 3107 ac
668 3043 769 3108 Plinii
793 3044 930 3110 lectioni
945 3048 1172 3128 emendandae,
1194 3070 1259 3114 non

170 3141 289 3220 patriae
307 3142 521 3223 inquirendae,
544 3143 752 3221 incumbens,
774 3144 815 3207 de
835 3145 900 3209 boc
922 3147 1021 3211 verbo
1042 3159 1257 3213 conterraneos

169 3241 320 3304 scribens
336 3241 515 3323 prodiderit
539 3244 572 3306 in
593 3244 679 3307 bunc
700 3245 853 3308 modum:
877 3245 1050 3324 ‘Quidam
1059 3267 1125 3311 non
1141 3259 1258 3310 couter-

167 3357 307 3416 raneum,
330 3341 388 3405 scd
404 3361 622 3419 conuerronem,
643 3345 725 3420 sive,
747 3344 838 3426 quod
853 3345 940 3408 idem
959 3351 1022 3423 ost,
1044 3367 1256 3430 congerronum

167 3457 267 3500 meram
282 3441 403 3522 legunt,
425 3448 459 3505 et
471 3441 562 3525 qnod
577 3444 786 3525 exemplaria
800 3446 957 3528 quaedam
978 3453 1066 3524 sunt,
1088 3448 1256 3530 inquibus

167 3557 400 3604 concerrcneum
422 3543 593 3619 scribatur,
615 3549 649 3606 ct
669 3545 760 3629 quod
781 3553 951 3610 castrense
971 3545 1006 3609 id
1029 3547 1162 3610 verbum
1180 3567 1255 3612 esse

167 3638 282 3703 dicant
296 3659 338 3704 ex
354 3642 503 3718 historia,
519 3648 553 3706 et
567 3642 722 3721 Plautus,
738 3663 799 3710 nec
811 3665 878 3710 uno
891 3647 989 3711 loco:
1012 3651 1023 3682 ‘
1038 3647 1124 3724 Hic,’
1139 3648 1254 3730 inquit,

165 3739 291 3804 ‘aderit
302 3759 456 3823 congerro
471 3741 603 3808 meus.''
648 3743 786 3822 Quanta
800 3764 881 3810 vero
897 3747 1023 3811 ratione
1039 3753 1097 3810 aut
1116 3765 1180 3828 ago
1196 3765 1253 3809 ne-

165 3840 312 3920 gaverim
329 3841 473 3906 Plinium
493 3842 662 3908 iuniorem
685 3846 751 3908 sibi
773 3847 964 3929 proximum
980 3837 1056 3910 esse
1076 3846 1252 3910 Patavium

165 3937 307 4018 dixisse,
329 3950 388 4006 aut
402 3942 452 4006 illi
463 3942 603 4006 eundem
616 3944 758 4010 Patavio
778 3947 965 4028 proximum
977 3947 1091 4010 eadem
1107 3945 1253 4009 anctori-

166 4043 235 4103 tate
249 4039 472 4119 affirmaverit,
487 4046 642 4127 accipite.
686 4045 724 4109 ln
747 4047 972 4129 Epistolnrnm
986 4047 1164 4124 volumine,
1179 4045 1253 4128 plu·

164 4139 258 4205 ribus
271 4142 389 4209 abhinc
408 4144 504 4208 annis
519 4145 693 4228 impresso,
711 4148 794 4211 libro
809 4149 916 4230 primo
931 4147 975 4211 ad
994 4148 1131 4213 Juninm
1151 4147 1252 4222 Mau·
