3016 4876
245 387 268 448 4
699 396 896 448 nursronr.

246 544 412 620 homenis,
444 541 534 626 qnod
559 541 760 626 precabatur
789 543 870 607 olim
895 539 1049 626 Angusto
1070 538 1240 624 Valgius,d
1271 560 1337 606 nne

246 646 414 730 Principis
435 641 537 710 nostri
558 645 731 710 medeatur
750 643 937 728 majestasl
984 642 1112 727 Ecquis
1141 661 1209 707 non
1237 642 1337 706 simul

246 747 332 813 hauc
354 753 635 830 perseveraturam
657 747 691 810 in
711 745 845 810 lraerede
866 745 936 809 filio
958 744 1154 810 felicitatem
1176 763 1236 827 spe
1254 763 1338 827 prar-

249 850 342 934 cipit,
372 849 405 912 iu
437 866 535 930 quem
556 866 578 911 a
603 852 698 930 patre
729 849 798 910 tum
819 847 960 912 virtutes
984 843 1120 928 reliquae
1146 847 1337 923 innumere,

248 950 352 1013 veluti
371 968 413 1012 ex
429 947 591 1013 montium
608 947 690 1031 jugo
711 947 858 1024 flumina,
877 945 1125 1030 profluxerunt:
1149 954 1275 1012 tumea
1289 947 1340 1010 in·

248 1051 378 1133 primis,
401 1068 478 1133 quoe
500 1049 554 1114 hic
569 1068 635 1113 una
658 1047 854 1127 dominetur,
877 1053 1072 1130 ceterasque
1094 1067 1160 1112 une
1174 1048 1340 1130 compleo-

248 1152 337 1229 titur,
352 1150 653 1216 beneficentissima
672 1149 816 1227 indoles,
839 1150 1029 1232 caritasque
1045 1149 1187 1232 patrimi
1231 1148 1340 1214 Vides

247 1252 325 1316 hinc
357 1259 478 1330 numm,
510 1251 770 1316 Sunnnrssrrrn
802 1249 1018 1327 Danuuius,
1049 1269 1118 1334 quo
1148 1251 1340 1315 instructum

248 1358 428 1437 apparatu,
449 1352 574 1437 quibus
598 1353 706 1436 copiis
739 1359 893 1416 ornatum
925 1351 1091 1433 hospitem
1125 1349 1272 1415 Plinium
1292 1352 1342 1415 sis

249 1459 470 1536 excepturus:
493 1472 592 1537 qnam
608 1455 664 1518 vel
684 1472 725 1518 eo
748 1455 881 1518 nomine
902 1459 1061 1536 acceptus
1074 1451 1146 1529 tibi,
1169 1469 1266 1534 qoem
1284 1452 1341 1536 jn-

249 1553 378 1619 cundns
400 1553 509 1631 nobis
539 1574 607 1618 non
630 1573 706 1620 esse
731 1555 789 1619 ille
811 1555 946 1620 omuino
967 1573 1036 1618 uon
1062 1552 1183 1637 possit.
1227 1551 1342 1632 Quare

248 1655 327 1718 dum
353 1659 429 1720 tuas
453 1655 508 1720 ille
531 1655 767 1741 sorespolsat,
799 1655 1017 1721 admissionis
1047 1653 1147 1738 hujus
1168 1662 1342 1720 auctorem

249 1755 375 1820 lectum
389 1773 465 1820 esee
481 1775 534 1820 me
547 1757 753 1824 vehementer
767 1758 883 1823 lector:
908 1756 998 1840 quod
1013 1774 1089 1821 cum
1105 1755 1184 1820 milri
1197 1755 1343 1821 moneris

251 1854 379 1938 aliquid
394 1861 486 1920 esset
499 1855 690 1938 optandum,
713 1856 803 1940 qnod
817 1856 996 1922 Societutis
1017 1861 1139 1920 noetrae
1154 1855 1286 1920 nomine
1302 1875 1343 1921 ac

251 1954 326 2022 vice
340 1957 508 2022 odorrem:
531 1975 608 2040 qum
630 1964 683 2021 est
704 1957 884 2022 innumeris
905 1956 1129 2039 maximisque
1154 1954 1341 2020 Lunovrcr

251 2055 384 2122 Macer
416 2055 658 2121 benevolentiae
689 2057 854 2122 obstrictu
886 2056 1062 2142 vinculisrl
1082 2053 1231 2120 Mundus
1256 2057 1342 2140 ipse,

251 2177 351 2243 quem
367 2175 428 2222 suo
443 2155 576 2220 Plinius
590 2162 643 2222 eet
653 2158 851 2241 complexus
865 2175 979 2255 opere,
1001 2174 1062 2220 sua
1075 2163 1196 2238 sponte
1210 2155 1344 2223 oblatus

252 2265 323 2324 est:
345 2259 465 2341 inquo
488 2276 549 2322 nos
566 2258 680 2323 mnndi
702 2258 840 2324 ulterius
867 2256 1056 2341 cujusdem,
1078 2257 1142 2321 hoc
1164 2263 1228 2334 est,
1248 2258 1345 2322 innu-

252 2358 462 2424 merabilium
487 2359 647 2424 uirtmum
672 2366 855 2422 sesmarum
881 2357 1036 2440 symbola
1065 2356 1344 2442 adumbretesque

252 2457 396 2541 effigies:
419 2463 456 2521 tu
470 2458 599 2525 loetitiae
613 2460 769 2544 publices,
784 2478 825 2524 ac
838 2459 996 2543 privatim
1008 2466 1142 2536 nostroe,
1157 2466 1346 2541 argumenta

253 2575 490 2640 recognosces.

686 2730 698 2764 ¹
717 2731 786 2783 Plio.
799 2744 865 2786 xxv.
878 2736 916 2782 ιι.
