3056 4878
273 385 338 454 886
638 395 669 442 o.
693 390 811 442 enims
837 387 1000 438 securim
1034 395 1037 402 ·

272 536 471 630 phthongo‚⁶
485 538 605 604 iorem
620 534 776 617 Phrygio,
790 540 825 598 ot
843 533 878 597 iu
897 529 1033 612 reliquis
1056 525 1192 603 similia,
1210 522 1357 608 jucunda

273 643 392 725 magis,
406 658 506 723 quum
518 636 709 702 necessaria
724 633 917 698 subtilitate.

320 759 406 807 xxi.
420 736 579 824 (xxm.)
600 735 773 800 Stadium·
794 741 926 798 contum
941 730 1056 811 viginti
1072 729 1219 812 quinque
1231 735 1360 792 nostros

274 846 375 912 efficit
396 861 529 925 passus,
545 841 607 904 hoo
628 842 690 915 est,
712 833 841 919 podesl
863 840 1043 898 sexcentos
1064 829 1360 911 vigintiquinque.

276 944 477 1012 Posidonius
488 961 554 1006 non
569 941 677 1005 miuus
692 937 932 1021 quadrugiutu¹
951 933 1153 998 studiorum⁶
1169 937 1292 995 eterra
1313 927 1360 990 al·

275 1046 448 1113 titudinem
470 1063 556 1120 esso,
572 1043 606 1105 iu
627 1059 694 1124 quu
715 1037 842 1115 nubila,
858 1056 899 1100 ao
921 1035 1023 1112 venti,
1045 1034 1220 1114 nubesque
1243 1048 1360 1112 prove-

275 1149 393 1212 niant²
436 1145 519 1210 lude
540 1163 657 1227 purum
683 1139 922 1224 liquidumque,
949 1144 983 1200 st
1004 1135 1250 1217 imperturbatus
1278 1131 1361 1194 lucis

278 1249 414 1314 uiirom.t
459 1245 525 1310 Sed
548 1264 569 1308 e
589 1242 745 1308 turbido·
768 1241 810 1304 ud
827 1239 955 1304 Lunam
969 1236 1072 1302 vicies
1087 1229 1246 1299 uentumd
1260 1231 1361 1296 millio

278 1351 470 1414 stadiorum.
514 1344 597 1409 Inde
619 1343 663 1407 nd
679 1342 790 1407 Solem
807 1338 984 1424 quinquies
1000 1337 1141 1400 milliesr
1186 1333 1237 1397 Eu
1253 1330 1360 1415 spatio

278 1451 350 1514 lieri
373 1458 410 1514 ut
432 1455 499 1512 tum
522 1447 683 1508 immensa
705 1444 779 1526 ejus
801 1439 994 1523 magnitudo
1017 1457 1086 1501 non
1105 1440 1227 1499 exurat
1249 1445 1359 1496 terras.

278 1549 397 1614 Plures
414 1557 522 1612 antem
532 1544 706 1626 nongentis
721 1542 837 1607 stadiis
847 1537 858 1576 f
869 1542 903 1604 in
916 1539 1122 1603 altitudinem
1133 1538 1241 1600 nubes
1253 1534 1361 1598 subire

279 1649 499 1732 prodiderunt.
543 1647 755 1728 Incomperta
776 1643 897 1712 haecet
918 1639 1185 1718 inextricabilia;
1219 1635 1278 1702 sed
1294 1643 1361 1700 tam
1398 1711 1402 1720 Ι

279 1748 457 1837 prodenda,
472 1766 570 1830 quam
593 1753 673 1809 sunt
693 1746 847 1828 prodita:
876 1742 1008 1826 inquis
1033 1748 1144 1806 tumen
1165 1745 1256 1802 unu4
1277 1736 1361 1800 ratio

309 1959 321 1982 ⁸
337 1951 360 2000 A
372 1950 491 2000 turbinum
502 1955 666 2014 seniorumque
675 1947 780 2010 resim.

733 2119 915 2144 000000000οΗ

279 2266 328 2308 -5
348 2259 416 2308 itas.
428 2259 490 2306 tonis
500 2255 632 2307 cirini-o
648 2257 724 2306 Dorio
735 2257 831 2312 moneri.
850 2256 996 2306 Mercurium
1015 2256 1134 2317 thnsgu
1152 2254 1259 2303 Veneti.
1277 2251 1364 2301 l’srru.

282 2325 356 2372 Rom.
367 2323 438 2370 Brix.
447 2322 544 2370 Turris.
556 2322 634 2369 Basti.
646 2320 705 2370 Aid.
715 2320 788 2371 Juut.
801 2321 884 2382 Lugii.
897 2321 996 2368 limum.
1011 2319 1095 2380 Luqd.
1112 2322 1183 2367 1606.
1203 2319 1292 2366 Drios.
1313 2317 1366 2363 Eu.

281 2395 309 2434 ei
322 2386 437 2434 Gronov.
449 2386 457 2414 ‘
467 2386 613 2433 Mercurium
624 2399 673 2432 nou
684 2393 723 2433 est
735 2386 759 2432 iu
771 2385 853 2433 reteri
871 2383 1021 2446 exemplari,
1033 2396 1116 2445 neque
1135 2383 1204 2430 iuter
1221 2379 1366 2440 superiores

282 2451 410 2512 pisuertes,
418 2449 555 2498 Suturnmu
567 2462 598 2497 un
609 2447 710 2506 iorem,
722 2449 880 2498 Mercurium
893 2457 984 2496 suntor
993 2448 1131 2496 collocasse
1144 2444 1261 2495 uidetur!
1271 2445 1368 2492 limus.

282 2513 428 2564 Mercurium
439 2526 490 2561 uon
501 2519 643 2574 agnoscunt
652 2512 729 2561 etium
740 2513 826 2561 Tulei.
837 2510 919 2562 cuiffl.
931 2513 973 2561 siii
983 2526 1025 2572 up.
1037 2512 1100 2560 huet
1112 2517 1140 2559 et
1151 2508 1277 2558 Hsrdniu.

316 2576 382 2626 Cur.
393 2589 453 2625 xxi.
466 2575 567 2624 l'l'isad.
580 2575 665 2640 llqu.
678 2591 720 2636 up.
733 2577 825 2624 Daier.
835 2577 984 2624 coca-2
997 2575 1061 2623 Cod·
1073 2575 1162 2624 Daieo.
1174 2573 1200 2620 iss
1211 2587 1278 2634 quous
1289 2569 1368 2618 uuiiiu

282 2654 311 2690 ue
322 2640 385 2690 nemi
395 2639 509 2702 nubesque
517 2641 672 2702 perueniunt,·
688 2639 752 2688 nlius
772 2640 854 2688 codex
867 2655 909 2702 ap.
926 2640 1006 2688 Lset:
1024 2639 1050 2686 iss
1062 2653 1130 2700 quam
1140 2635 1230 2696 uuiiiu,
1239 2635 1314 2694 nessii,
1324 2649 1367 2682 su-

283 2703 321 2752 ises
338 2705 530 2766 perueniunt—³
548 2701 632 2753 chiffl.
644 2709 667 2752 et
677 2702 694 2753 i.
705 2705 721 2752 i.
738 2704 848 2752 airu-i
865 2703 948 2757 Tulei.
965 2703 1006 2750 sed
1016 2701 1230 2764 terremotum,
1242 2699 1297 2762 quio
1313 2701 1368 2745 suut

281 2769 389 2830 proditu:
403 2767 580 2830 quarruvium
596 2775 649 2816 vet.
668 2769 780 2832 exempl.
799 2768 915 2816 Erusmi:
932 2767 973 2815 sed
991 2767 1118 2828 unienda,
1138 2764 1193 2828 quio
1211 2767 1276 2826 suut,
1293 2765 1368 2826 iu.-

772 2959 878 3012 NOTAE

317 3069 468 3134 ‘Stadium
493 3071 535 3121 Itu
559 3073 637 3122 etium
665 3074 808 3124 Munianus
847 3071 1138 3125 exstrsbonecouutui.
1155 3069 1369 3132 ilduinum.

286 3145 392 3210 Cupella
403 3145 448 3194 lib.
461 3159 499 3195 ri.
510 3161 565 3208 esp.
577 3145 609 3195 de
622 3147 737 3197 Circuitu
745 3149 808 3197 Ter·
878 3153 889 3181 ⁸
907 3146 1074 3209 Quadraginta
1083 3143 1224 3207 studioruus]
1241 3143 1307 3193 Vide
1318 3145 1370 3193 No·

286 3237 332 3278 re.
343 3237 369 3285 p.
380 3226 435 3272 198.
457 3221 568 3272 Uberius
581 3223 808 3287 Censorinoque.
847 3227 887 3271 tas
898 3231 926 3271 et
938 3222 1047 3272 Emeud.
1059 3237 1125 3270 nuru.
1137 3225 1179 3270 22.

880 3296 892 3331 ‘¹
911 3299 991 3348 Vicies
1010 3297 1112 3360 rentum]
1129 3296 1195 3347 Qum
1214 3295 1293 3344 millis
1315 3310 1370 3359 pus·

286 3371 373 3420 mundi
383 3387 501 3422 mensura
513 3373 538 3421 id
548 3373 706 3438 potissimum
718 3375 811 3423 intelil-
849 3387 921 3421 susum
941 3371 1056 3421 efficiunt
1076 3371 1186 3421 ducents
1204 3379 1232 3421 et
1251 3373 1372 3436 quinquu-

287 3446 398 3508 geudum
417 3453 466 3502 est,
483 3449 550 3512 quod
567 3448 686 3500 italicum
699 3457 809 3500 sonante
849 3463 924 3512 gens.
958 3448 1052 3512 ltaque
1063 3463 1077 3496 u
1089 3455 1157 3496 terra
1168 3447 1200 3495 nd
1213 3448 1310 3496 Lunam
1321 3447 1371 3496 eoi·

286 3520 380 3583 pedum
396 3533 499 3571 mcxxv,
532 3523 598 3573 Num
613 3531 672 3573 sunt
683 3531 810 3587 preterea
849 3523 907 3586 tigit
931 3523 1085 3573 Posidonius
1111 3523 1273 3572 intervalium
1298 3535 1372 3571 ccuu.

287 3600 315 3643 et
335 3596 386 3643 aiis
404 3597 561 3657 longitudine
578 3597 760 3660 discrepantia,
781 3608 810 3647 ut
850 3599 912 3648 mill.
926 3613 993 3661 pseu.

288 3669 450 3734 Olympicum
462 3671 529 3733 quari
537 3680 577 3720 eut
588 3672 680 3736 pedum
693 3685 736 3721 uu.
748 3675 810 3722 item
880 3681 893 3707 ⁰
910 3676 1041 3737 Quinquies
1050 3673 1145 3738 mittier]
1168 3673 1228 3723 line
1239 3681 1290 3738 est,
1301 3675 1371 3738 quin·

287 3743 435 3807 Pytlrinurn,
445 3746 537 3808 pedum
548 3747 611 3796 cin!
641 3743 735 3796 'l'umen
744 3749 812 3797 inter
849 3749 921 3814 quies
933 3757 961 3798 et
972 3749 1062 3798 millies
1072 3755 1181 3798 centens
1192 3749 1270 3798 millis
1280 3748 1375 3798 studio·

288 3819 416 3882 liulinurn,
427 3822 641 3886 Olympicumque
652 3821 761 3871 studium
774 3824 812 3872 ni·
850 3839 922 3877 risui:
939 3826 1002 3882 sive,
1014 3827 1080 3891 quod
1092 3826 1181 3875 eodem
1195 3827 1297 3888 recidit,
1315 3839 1373 3875 cen·

288 3895 712 3946 hiilutsresnoacuteuiditLucus
722 3899 813 3948 Putus
850 3901 900 3950 ties
927 3908 955 3950 et
978 3903 1055 3951 vicies
1082 3909 1193 3950 centena
1215 3902 1295 3951 miliia
1320 3917 1374 3966 pas·

289 3971 334 4022 lib.
345 3987 366 4024 s.
378 3975 410 4024 de
421 3973 536 4024 Mensar.
548 3981 575 4023 rt
586 3973 670 4022 Poud.
681 3989 706 4038 p.
717 3978 742 4024 t.
851 3991 942 4026 suum:
960 3983 1113 4042 praeierquo,
1129 3989 1172 4026 nt..
1185 3977 1264 4026 millis
1277 3993 1345 4041 pass.

320 4045 333 4078 l
349 4047 403 4095 Hoc
412 4053 458 4108 est,
468 4047 547 4111 pedes]
564 4049 659 4097 Passus
670 4049 813 4114 igiturqui·
881 4053 891 4087 ¹
908 4053 1145 4117 Nnngeatisstndiis]
1156 4053 1265 4104 Centum
1277 4069 1307 4104 sc
1316 4054 1376 4102 duo-

290 4120 354 4170 llbet
374 4123 479 4171 ltulinus
502 4123 608 4186 pedibus
629 4125 710 4188 quiuis
729 4139 812 4190 requa-
852 4127 935 4178 decim
948 4129 1058 4179 millibus
1070 4141 1200 4198 passuum,
1214 4135 1242 4178 et
1254 4129 1376 4194 quingen·

291 4201 348 4245 tur:
365 4200 455 4248 studiis
468 4207 535 4264 onio,
545 4199 653 4250 mititare
665 4215 757 4250 uuum:
775 4203 812 4252 utl
853 4205 894 4254 tis.
1103 4204 1105 4210 ’
