3016 4876
280 387 323 452 18
579 400 774 450 samsucio
798 401 849 449 ro.
875 399 1079 447 urnourur.

282 545 324 612 de
339 543 462 629 quibus
476 544 614 609 iuferius
628 543 748 608 dicturi
771 561 897 618 sumus,
913 540 996 605 vidit
1010 539 1175 605 Nieolaus
1191 538 1370 620 Rigaltius,

279 647 485 728 selectesque
509 665 553 709 ex
577 646 620 708 iis
640 644 902 726 quamplurimas
921 644 954 704 in
977 655 1070 704 oram
1091 640 1167 703 libri
1191 641 1243 704 sui
1267 647 1372 704 traus-

281 748 388 814 rexit.
432 747 603 829 Inspectus
629 747 698 811 illae
721 753 797 809 sunt
811 741 895 808 enirn
912 743 1019 806 obiter
1040 742 1172 805 anobis
1187 748 1221 804 et
1238 743 1371 816 cursim,

281 857 359 914 aute
371 865 476 912 annos
492 848 650 931 quinque,
673 847 762 910 sacta
779 846 835 908 vix
852 844 927 926 ejus
948 842 1024 905 libri
1039 843 1138 924 quasi
1151 861 1210 925 per
1225 848 1371 905 transeu-

281 969 358 1014 nam
370 947 571 1030 inspiciendi
584 949 695 1030 copia.

328 1048 452 1113 Verum
470 1067 534 1111 nec
560 1049 692 1111 unicum
717 1045 792 1120 fuit,
823 1064 884 1107 nec
910 1043 1117 1125 praecipuum
1140 1042 1172 1105 in
1198 1043 1371 1107 codicibus

284 1149 368 1212 Mss.
388 1153 425 1211 ut
446 1147 614 1229 pristinam
630 1146 672 1208 ad
688 1146 833 1229 speciem
848 1145 1049 1225 nitoremque
1065 1142 1164 1208 Plinii
1185 1145 1310 1226 scripta
1322 1165 1372 1209 re-

281 1267 489 1324 vocaremus,
511 1247 698 1311 subsidium
722 1245 1002 1330 praesidiumque:
1017 1243 1136 1308 nedum
1152 1245 1195 1308 ad
1209 1245 1373 1310 illustran-

284 1350 373 1415 dum.
417 1347 613 1412 Evolvenda
636 1348 726 1410 fuere
752 1346 920 1409 volumina
952 1353 1126 1422 sexcenta,
1156 1353 1227 1408 tum
1252 1346 1372 1428 prisca,

282 1456 351 1515 tum
367 1451 526 1526 recentia,
541 1455 610 1512 tum
628 1446 746 1512 Graece
761 1447 898 1528 scripta,
912 1452 981 1508 tum
1002 1438 1138 1509 Latine:
1164 1465 1270 1528 neque
1284 1447 1373 1510 evol-

284 1552 394 1615 venda
417 1552 536 1625 solum,
560 1549 621 1613 sed
648 1553 683 1611 et
706 1547 876 1628 diligenter
895 1546 1094 1610 conterenda
1110 1545 1176 1608 alia
1190 1565 1267 1608 oum
1283 1545 1372 1620 aliis,

284 1649 358 1717 curn
378 1652 486 1716 Plinio
501 1649 651 1730 singula:
672 1655 708 1712 ut
725 1649 776 1712 vel
799 1649 849 1711 sic
863 1648 992 1711 sincera
1007 1648 1072 1710 loci
1088 1645 1287 1723 emendatio,
1303 1665 1374 1727 ger-

285 1771 469 1834 manusque
490 1751 677 1815 intellectus
693 1768 758 1812 non
773 1755 901 1830 pateret
920 1747 1028 1822 modo,
1043 1747 1104 1810 sed
1120 1753 1152 1811 et
1166 1749 1213 1809 ita
1227 1766 1375 1810 commu·

285 1852 420 1929 niretor,
441 1855 478 1916 ut
500 1851 642 1914 convelli
665 1850 824 1932 deinceps
850 1868 914 1912 non
937 1853 1055 1929 posset
1074 1847 1143 1912 olla
1158 1849 1192 1910 vi
1214 1849 1375 1912 criticave

285 1971 435 2016 censura.
480 1951 523 2015 Et
544 1951 738 2015 illustrando
769 1951 900 2033 quidem
937 1949 1092 2013 Pliniano
1127 1949 1225 2031 operi
1253 1955 1374 2026 cetera,

286 2051 493 2116 emendando
509 2071 589 2114 vero
604 2071 716 2114 eorum
739 2053 888 2134 inprimis
911 2051 1035 2133 scripta
1056 2050 1219 2131 proluere,
1243 2050 1293 2113 vel
1316 2069 1376 2132 per

286 2171 371 2235 quos
386 2152 570 2236 proiecisse
581 2171 616 2214 se
627 2152 755 2215 Plinius
764 2151 893 2226 fatetur,
907 2158 944 2213 ut
953 2147 1153 2226 Aristotelis,
1162 2149 1375 2232 Theophras·

285 2253 324 2330 ri,
340 2253 489 2329 Catonis,
511 2252 696 2330 Varronis·
706 2253 911 2327 Columellas,
933 2260 967 2314 et
989 2252 1138 2327 aliorum,
1154 2252 1213 2335 qui
1228 2259 1305 2316 sunt
1318 2271 1376 2316 nu·

286 2373 378 2416 mero
403 2353 641 2436 propemodum
668 2352 796 2428 infiniti,
823 2353 909 2414 mole
933 2352 1089 2414 librorum
1118 2369 1158 2414 ac
1181 2351 1375 2416 difficultate

287 2453 450 2534 insignesr
474 2454 526 2517 vel
547 2454 605 2533 qui
628 2451 772 2514 Plinium
794 2453 1032 2534 transcripsere
1053 2451 1120 2533 ipsi
1135 2452 1226 2528 olim,
1243 2461 1279 2515 ut
1292 2454 1377 2517 Soli·

287 2571 350 2614 uus
367 2549 458 2630 fecit,
483 2553 678 2627 Martianus,
701 2550 830 2615 Plinius
853 2550 935 2614 alter
956 2548 1170 2626 Valerianus,
1194 2551 1376 2616 lilarcallus

288 2651 488 2734 Empiricos,
510 2651 556 2730 Q.
570 2652 711 2714 Serenus
734 2651 943 2726 Samonicus,
967 2650 1120 2714 Isidorus
1144 2651 1375 2734 Hispalensis,

288 2759 323 2815 et
338 2762 453 2816 auctor
474 2753 550 2815 libri
570 2753 611 2814 de
635 2751 791 2815 Mensura
814 2750 915 2815 Orbis
935 2751 1061 2827 Terrae,
1078 2753 1134 2833 qui
1150 2753 1291 2815 noudum
1308 2754 1377 2818 edi·

288 2851 343 2917 tus
356 2853 389 2915 in
408 2853 516 2915 lucem
531 2860 600 2915 est:
625 2853 679 2914 vel
704 2853 846 2935 denique
866 2855 924 2935 qui
940 2873 986 2916 ex
1001 2853 1119 2916 iisdem
1135 2853 1280 2916 lontibus
1295 2854 1376 2919 hau-

288 2951 412 3029 serunt,
427 2953 515 3016 undo
537 2971 618 3015 suos
641 2952 771 3016 Plinius
794 2953 907 3016 hortos
926 2953 1056 3032 rigavit,
1071 2957 1108 3014 ut
1122 2951 1376 3034 Agatbemerus,

287 3051 479 3127 Athenaeus,
496 3052 723 3127 Dioscorides,
739 3052 902 3128 Galenus,
925 3054 1051 3115 Sextus
1069 3052 1279 3132 Platonicus,
1291 3063 1377 3121 cete-

163 3207 169 3214 .
288 3156 391 3237 rique,
407 3173 546 3235 quorum
560 3153 637 3216 huic
652 3153 842 3235 praelationi
858 3155 1071 3217 subtexemus
1087 3155 1248 3218 Iudicem.

332 3254 401 3316 llic
423 3249 556 3316 demum
579 3251 709 3335 Lydius
734 3254 822 3335 lapis
842 3260 907 3329 est,
922 3253 1005 3317 baec
1020 3255 1178 3319 obrussa:
1194 3255 1237 3318 ad
1258 3251 1376 3318 horum
1461 3285 1464 3290 ·

288 3347 413 3436 scripta
434 3350 600 3418 Pliniana)
627 3354 802 3436 scripturae
825 3355 946 3416 veritas
968 3355 1149 3418 metienda:
1175 3356 1257 3437 quid
1281 3357 1314 3417 in
1335 3375 1376 3418 eo

287 3454 479 3522 mendosum
496 3455 627 3532 tinniat,
650 3455 730 3537 quid
746 3456 963 3531 snbaeratum,
976 3455 1058 3538 quid
1072 3455 1256 3520 adulterina
1270 3456 1376 3522 forma

287 3569 491 3636 percussum.
503 3549 506 3555 “
520 3553 609 3619 Nam
625 3556 654 3618 si
665 3557 696 3617 iu
709 3555 852 3617 vetustis
864 3555 1110 3636 exemplaribus
1125 3555 1251 3620 haereas
1263 3555 1374 3633 modo,

288 3673 364 3718 cum
379 3657 453 3738 ipsa
468 3658 551 3719 inter
566 3676 603 3718 se
618 3675 710 3738 saepe
726 3655 920 3732 dissideant,
930 3675 1006 3718 cum
1018 3657 1086 3719 sint
1096 3656 1270 3740 inquinata
1280 3675 1376 3739 aeque

287 3755 487 3820 eruditorum
512 3757 722 3838 conjecturis,
755 3764 854 3840 atque
885 3757 1093 3820 librariorum
1129 3759 1273 3827 inscitia,
1299 3773 1376 3820 curn

286 3858 398 3920 verbis
414 3859 613 3922 alioversum
630 3860 781 3939 acceptis
799 3877 859 3941 pro
873 3859 1013 3940 genuino
1025 3856 1184 3922 Auctoris
1199 3877 1299 3921 sensu
1312 3858 1375 3922 lal-

286 3976 359 4020 sam
380 3977 421 4021 ac
441 3957 655 4039 depravatam
683 3959 868 4038 interpretis
896 3958 1087 4022 sententiam
1116 3957 1261 4040 recipere
1282 3978 1375 4040 saepe

286 4053 470 4136 cogamur:
493 4056 569 4136 quis
592 4055 721 4117 domurn
744 4057 851 4119 litium
873 4056 952 4119 duis
975 4065 1028 4122 est
1047 4059 1192 4136 tuturus,
1212 4059 1278 4122 nisi
1300 4077 1375 4141 pro-

285 4157 471 4220 iratissimis
491 4155 669 4219 codicibus
695 4157 941 4240 astipulatorem
963 4157 1152 4241 quempiam
1173 4180 1192 4224 e
1216 4159 1374 4242 gravissi·
