3016 4876
454 392 587 441 uuouro
612 394 635 443 1.
659 395 772 444 nsum
798 397 979 449 cruentur.
1216 387 1260 452 67

176 551 250 596 mus
271 532 454 617 quinetiam
475 533 772 601 ‘Conterranenm¹
794 557 892 604 suum
919 545 1075 610 uocatum
1098 562 1119 608 a
1148 543 1260 610 Plinio

175 633 345 699 Catullum
358 634 473 715 fuisse,
488 637 578 720 qnod
590 639 735 724 ejusdem
750 648 888 726 uterque
900 649 993 710 terrae
1006 644 1258 727 Transpadanus

175 734 355 819 inquilinus
367 741 478 817 esset3
492 739 543 803 sic
556 747 665 804 autern
675 741 784 824 ipsam
793 745 976 828 appellavit
987 765 1064 810 cum
1079 747 1260 830 ‘Cispada-

174 835 232 900 na’
247 845 473 921 comparatam
484 858 496 920 ς
509 839 585 905 binc
601 841 847 925 Forojnlienses
859 845 1126 930 ‘Transpadani'
1139 867 1259 932 cugno-

174 938 290 1003 minati
304 947 385 1004 sunt
394 940 509 1004 omem
524 949 668 1019 auctore,
682 943 768 1008 libro
783 943 946 1010 Historiae
960 946 1133 1011 Naturalis
1148 950 1258 1024 tertio,

174 1057 251 1121 cap.
260 1041 311 1104 19.
319 1039 355 1102 in
366 1042 509 1122 regionis
519 1042 659 1108 decima
668 1044 739 1110 sive
752 1043 903 1113 Venetiae
912 1046 1147 1130 descriptione.
1164 1048 1257 1112 Idem

172 1139 205 1202 in
218 1139 312 1204 calce
327 1140 477 1224 vigesimi
499 1143 620 1225 capitis
640 1144 703 1208 ‘L.
725 1145 862 1210 AEmilio
880 1146 999 1224 Paulo,
1015 1145 1052 1210 G.
1069 1146 1173 1213 Atilio
1189 1148 1257 1214 Re·

174 1241 251 1321 gulo
278 1240 359 1305 Gos.
383 1243 535 1308 nuntiato
549 1243 687 1309 Gallico
710 1245 863 1323 tumultu,
891 1248 998 1312 solnm
1021 1247 1093 1312 sino
1111 1253 1256 1314 externis

172 1343 248 1406 ullis
259 1343 410 1419 auxiliis,
422 1350 525 1426 atque
541 1345 644 1409 etiam
660 1352 741 1412 tunc
756 1347 826 1410 sine
834 1346 1098 1430 Transpadanis,
1107 1351 1255 1434 equitum

173 1459 294 1511 nxxx.
324 1461 362 1506 m.
388 1443 535 1527 peditum
561 1463 642 1510 noc.
669 1463 708 1510 M.
733 1447 895 1513 armasse'
917 1454 1075 1514 testatum
1100 1450 1254 1533 reliquit:

171 1545 524 1628 ‘Transpadanorum’
545 1549 679 1614 nomine
694 1567 756 1613 eos
771 1568 886 1614 omnes
906 1549 1102 1631 intelligens,
1125 1552 1183 1636 qui
1205 1553 1256 1616 ul-

170 1653 221 1712 tra
242 1645 371 1712 Pudum
396 1649 508 1715 Italian
532 1650 695 1733 reliquum
718 1651 915 1717 incolebant.
959 1649 1114 1716 Cetemm
1135 1651 1255 1718 Strabo

170 1745 255 1811 libro
269 1767 340 1813 arta
351 1747 575 1833 Geogrnpbiae
586 1751 704 1833 quinto
714 1751 808 1815 aliter
818 1751 953 1815 omnino
967 1750 1100 1815 Italiam
1115 1753 1255 1834 partitus

171 1853 234 1923 est,
256 1847 440 1930 etquidem
456 1849 490 1913 in
505 1852 819 1934 pauciorespartes,
843 1852 982 1935 primum
1003 1850 1137 1929 iaciens,
1154 1865 1255 1935 quam

169 1945 335 2012 decimam
360 1957 395 2012 et
418 1950 630 2015 undecimam
646 1949 816 2031 Augustus
841 1954 1038 2028 numeravit,
1060 1971 1133 2017 cum
1159 1959 1255 2035 parte

168 2048 314 2132 quadam
327 2067 445 2129 nonae3
467 2050 551 2115 banc
564 2071 643 2116 vero
654 2052 688 2116 in
700 2050 923 2134 Cispadauam
935 2061 969 2116 et
982 2050 1255 2134 'l'ranspudanam

168 2151 294 2228 divisit,
316 2169 417 2233 quum
441 2150 592 2216 Venetos
614 2161 651 2217 et
675 2151 795 2216 Gallos
816 2152 961 2217 incolere
986 2153 1138 2230 voluerit,
1152 2152 1186 2215 iu
1213 2172 1254 2218 ea

168 2249 269 2334 paulo
283 2255 362 2332 post
376 2251 505 2333 oppida
518 2271 694 2317 recensens
710 2249 950 2332 Mediolanum,
964 2250 1140 2330 Veronam,
1156 2252 1255 2318 Brix-

168 2352 247 2428 iam,
275 2351 464 2430 Mantuam,
489 2351 645 2435 Regium,
670 2357 703 2416 et
726 2352 889 2417 Comum:
915 2358 1129 2435 postpauca
1154 2354 1253 2418 item:

167 2451 304 2533 ‘Ergo’
325 2452 442 2535 inquit,
464 2456 562 2535 (qnae
585 2459 676 2516 bans
698 2451 828 2517 Padum
843 2459 932 2531 sunt,
947 2451 1072 2518 Veneti
1086 2452 1255 2530 incolunt,'

166 2554 228 2616 snb
242 2553 375 2634 quibus,
398 2553 429 2616 si
454 2550 665 2616 Veronenses
686 2552 1019 2636 comprehenduntur,
1040 2554 1104 2617 hos
1119 2572 1252 2637 quoqne

165 2653 425 2736 Transpadanos
440 2671 515 2717 esse
530 2671 666 2717 necesse
679 2658 740 2717 est.
777 2652 844 2717 Sed
858 2652 943 2732 baec,
956 2661 1061 2736 atquo
1076 2653 1144 2716 alia
1158 2653 1254 2735 plora

165 2754 270 2818 missa
292 2754 403 2834 [ποῖος
425 2773 503 2838 qnae
518 2754 711 2818 necessaria
731 2772 797 2818 non
821 2753 983 2830 videntur,
1003 2772 1079 2818 cum
1104 2751 1253 2818 Catullus

166 2873 202 2918 so
216 2854 293 2936 ipse
307 2853 584 2938 Transpadanum
598 2871 674 2918 esse
689 2861 827 2920 testetur
840 2855 875 2918 in
896 2853 1071 2936 Egnatium
1086 2851 1158 2918 baec
1174 2853 1253 2916 scri·

166 2955 270 3021 bens:

289 3055 327 3120 Si
341 3057 485 3121 urbanus
500 3075 607 3134 esses,
623 3063 680 3121 aut
694 3055 853 3132 Sabinus,
870 3061 929 3120 aut
941 3055 1076 3134 Tiburs,

291 3153 363 3219 Aut
376 3175 498 3238 parcus
514 3156 651 3235 Umber,
666 3165 725 3232 aut
739 3159 862 3222 obesus
879 3157 1083 3234 Hetrurcus,

290 3255 361 3320 Aut
375 3257 570 3322 lanuuiuus
584 3278 662 3323 acer
677 3266 780 3342 atque
793 3259 963 3338 dentatus,

289 3355 362 3422 Aut
375 3357 648 3440 Transpadanus,
664 3367 701 3424 ut
716 3378 809 3424 meos
826 3377 959 3442 qnoque
973 3358 1141 3440 attingam.

160 3453 214 3520 Ex
228 3456 282 3520 bis
295 3477 349 3522 me
362 3461 540 3541 patrocinii
555 3460 756 3526 desiderium
771 3460 868 3537 l'allit,
891 3459 924 3524 ui
949 3458 1011 3524 boc
1037 3457 1127 3522 baud
1149 3457 1248 3524 dubio

159 3557 339 3640 colligitur,
356 3559 408 3623 rel
423 3558 633 3625 Veronenses
647 3579 720 3624 esse
733 3557 1003 3642 Transpadanos,
1016 3559 1067 3622 rel
1082 3558 1249 3624 Catullum

158 3675 227 3723 nou
239 3678 314 3724 esse
332 3658 569 3726 Veronensem.
612 3661 782 3744 Siquidem
795 3661 895 3736 cuim,
910 3661 956 3724 uti
971 3657 1120 3722 Pantheo
1141 3659 1249 3724 visum

158 3765 224 3835 est,
239 3757 454 3824 Veronenses
469 3779 535 3824 uon
551 3766 627 3825 sunt
640 3759 887 3842 Transpadani,
902 3759 960 3842 qui
983 3757 1052 3822 deri
1066 3765 1188 3841 potest,
1204 3767 1251 3845 nt,

157 3859 216 3939 qui
229 3857 488 3941 Transpadanus
503 3869 567 3935 est,
589 3860 722 3943 qualem
747 3879 785 3923 se
800 3857 958 3924 Catullus
972 3858 1067 3934 tacit,
1082 3855 1251 3922 Veronen-

157 3957 206 4022 sis
220 3957 285 4022 sitl
308 3959 361 4022 vel
379 3960 468 4042 qnod
492 3961 572 4024 mibi
596 3960 812 4042 prudentiori,
827 3964 863 4022 nt
877 3959 1025 4036 arbitror,
1041 3957 1185 4022 consilio
1199 3958 1250 4020 vi·

156 4059 262 4137 detur,
283 4059 312 4122 si
328 4058 484 4124 Catullus
500 4059 705 4126 Veronensis
719 4067 783 4138 est,
806 4079 883 4125 cum
907 4077 944 4122 se
966 4057 1247 4140 'l'ranspudanum

156 4179 232 4226 esse
245 4158 449 4244 profitentem,
465 4156 1101 4244 nunnintVeronensesTrauspadnuil
1133 4156 1248 4226 Catul-
