3006 4874
241 376 306 442 122
561 388 610 437 nu
633 387 666 438 o.
690 385 808 436 rursu
834 383 973 434 rannus

151 515 154 522 ’
242 541 345 612 extet,
356 535 387 598 ia
402 550 483 598 vero
498 531 682 614 imperante
702 527 845 593 claudio
872 528 969 603 vixit,
987 527 1128 610 quocum
1148 527 1182 592 in
1199 527 1330 596 Britan-

241 637 332 701 niam
343 632 524 698 transmisit
534 651 571 695 se
583 629 806 695 auctoralibrn
816 628 859 691 dc
871 626 990 709 Comp.
1002 626 1093 692 Med.
1106 648 1136 692 c.
1147 628 1200 694 38.
1221 629 1255 694 N
1258 651 1331 696 eras

243 754 378 819 quoque
391 740 472 799 natu
487 733 595 817 major
607 731 854 805 Andromacho,
870 729 977 792 minor
991 726 1140 792 Antonio
1161 729 1331 801 Musaeus

242 836 375 901 Galerio
388 834 475 898 libro
486 834 528 898 de
538 833 656 916 Gomp.
669 831 765 896 Med.
776 830 958 895 secuudum
967 829 1031 895 loc.
1048 847 1124 912 cap.
1134 831 1166 894 4.
1182 829 1333 914 Euphor-

242 937 290 1002 bii
300 935 448 1001 meminit
461 935 496 998 in
511 935 626 1016 acopis
640 933 771 997 Gaiano
792 931 946 995 referente
962 947 1027 994 vrr.
1042 929 1085 993 de
1100 930 1221 1014 Comp.
1238 927 1330 996 Med.

242 1035 421 1102 secundum
442 1055 561 1118 genera
581 1053 655 1119 cap.
672 1035 726 1098 15.
770 1031 905 1097 Musam
921 1050 1087 1115 nusquam
1101 1031 1235 1096 invenio
1256 1034 1330 1117 ejus

244 1155 428 1201 sermonem
442 1136 611 1213 habuisse,
626 1135 781 1218 quamvis
795 1133 837 1198 de
850 1133 960 1197 fratris
984 1133 1037 1196 sui
1058 1134 1189 1197 nomine
1205 1131 1331 1196 dictum

147 1291 149 1296 ,
242 1237 357 1317 inerit3
381 1235 541 1319 quocirca
560 1235 737 1300 Philonem
755 1253 796 1298 eo
816 1234 1034 1318 posteriorem
1055 1233 1160 1299 inisse
1180 1232 1332 1298 credide-

241 1338 313 1402 rim.
358 1335 427 1414 Qui
443 1335 637 1400 Dioscoridi
660 1341 788 1400 tantum
809 1334 967 1411 tribuunt,
988 1341 1026 1398 ut
1047 1335 1119 1418 ejus
1142 1339 1245 1400 causa
1259 1335 1334 1398 Pii·

242 1439 297 1502 nio
318 1438 496 1520 plurimum
520 1437 692 1503 detrahere
715 1456 781 1501 non
800 1442 988 1514 vereantur,
1013 1435 1156 1502 sortasse
1185 1437 1330 1501 dicerent

242 1537 331 1602 salsa
345 1537 387 1600 de
401 1536 584 1620 Euphorbii
600 1539 791 1603 inventione
805 1538 952 1602 Plinium
965 1538 1142 1622 scripsisse
1151 1558 1169 1617 3·
1186 1537 1332 1603 Dioscu-

242 1638 307 1702 ridi
320 1656 398 1702 vcro
418 1640 539 1716 omnia,
554 1659 632 1722 quae
647 1639 688 1704 de
711 1640 901 1705 inventione
923 1639 956 1702 in
978 1658 1019 1703 eo
1045 1640 1208 1722 leguntur,
1223 1640 1267 1703 ab
1289 1659 1330 1704 eo

243 1740 442 1815 accrevisse,
471 1741 529 1822 qui
561 1742 730 1804 nominum
763 1741 915 1824 stirpium
944 1741 1140 1805 varietatem
1169 1740 1263 1806 illum
1289 1760 1331 1806 ao

242 1839 523 1923 multiplicitatem
539 1841 672 1925 adjecit
716 1840 785 1906 Sed
801 1859 931 1905 omnam
954 1841 1183 1924 suspicionem
1205 1840 1330 1906 additae

244 1939 447 2003 inventionis
469 1939 617 2006 historia
636 1939 756 2004 adimit
771 1939 955 2012 Oribasins,
979 1959 1025 2004 ex
1049 1941 1248 2006 Dioscorida
1264 1941 1333 2006 Eu‘·

243 2039 373 2124 phorhii
387 2039 409 2104 J
411 2040 511 2104 ubam
525 2040 825 2105 inventoremlihro
837 2040 1061 2105 Collectorum
1076 2058 1130 2105 xr.
1140 2042 1331 2119 facienaat

244 2159 319 2204 curn
334 2159 375 2203 eo
392 2140 533 2224 Serapio
559 2140 790 2205 Dioscoridem
812 2148 947 2205 secutus
973 2160 1051 2224 cap.
1065 2142 1140 2206 358.
1162 2144 1330 2208 scribens:

243 2243 255 2274 ‘
267 2239 412 2318 Primus,
424 2240 466 2304 ad
480 2239 578 2323 cujus
593 2242 817 2323 cognitionem
833 2243 982 2325 pervenit
996 2243 1070 2308 haec
1081 2243 1256 2321 medicina,
1269 2245 1333 2312 luit

245 2341 367 2406 Iinods
393 2359 454 2404 rex
476 2340 597 2405 Linoi!
639 2341 795 2407 Ceterum
810 2343 912 2409 Plinii
935 2345 1215 2408 existimationem
1231 2345 1332 2412 Gale-

243 2455 306 2506 nus
321 2448 429 2507 tuetur
444 2443 478 2505 in
492 2441 718 2524 explicatione
733 2443 970 2526 descriptionis
994 2444 1128 2509 Philoni
1145 2445 1331 2528 Euphorbii

243 2542 469 2607 inventionem
493 2543 638 2606 reserens
659 2543 693 2606 in
722 2541 847 2608 Iubam
877 2563 997 2627 regem.
1055 2543 1169 2627 Ipsius
1197 2566 1330 2631 quoqne

244 2641 449 2706 Britannicae
465 2640 582 2707 habita
597 2663 618 2707 a
634 2643 832 2710 Dioscorida
844 2646 1039 2710 mentiones
1053 2647 1089 2709 in
1103 2648 1331 2715 eacontirmat

244 2743 409 2826 opinione,
423 2749 460 2806 ut
484 2743 651 2824 posterius
671 2746 801 2823 vixerit,
815 2765 914 2829 quam
930 2746 1053 2811 Snidas
1070 2748 1202 2813 innuere
1219 2749 1332 2816 videa-

243 2850 304 2921 tur,
318 2843 403 2907 libro
428 2843 514 2906 enim
536 2850 655 2927 quarto
670 2844 860 2910 describens
873 2848 958 2910 hanc
972 2846 1133 2930 plantam,
1148 2851 1207 2925 ait,
1232 2851 1330 2916 ‘solio

242 2961 318 3008 esse
349 2943 494 3008 Rumici·
526 2945 680 3026 sylvestri
710 2946 861 3024 similem,
890 2947 1044 3031 nigriore,
1073 2950 1330 3036 hispidiorequa,

243 3043 339 3110 caule
357 3042 447 3108 haud
462 3063 596 3126 magno,
621 3047 735 3111 radice
757 3049 848 3113 brevi
868 3069 909 3114 ac
929 3050 1028 3127 tenni,
1054 3069 1098 3113 ex
1119 3051 1224 3135 cujus'
1237 3053 1329 3118 foliis

241 3163 365 3209 succus
382 3163 563 3229 expressus
578 3147 733 3228 privatim
748 3150 791 3214 ad
802 3150 872 3215 oris
893 3169 1010 3218 nomas
1028 3151 1141 3229 faciat,
1163 3160 1199 3217 et
1212 3155 1330 3218 tonsil-

242 3244 372 3310 larum!
413 3246 566 3310 Totidem
590 3249 699 3312 verbis
720 3249 764 3314 ah
792 3249 947 3316 Oribasio
967 3253 1025 3316 lib.
1046 3267 1100 3316 xr·
1125 3252 1262 3320 Collect.
1286 3275 1328 3320 ex

244 3346 446 3413 Dioscorida
475 3347 646 3431 descripta
671 3348 802 3432 legitur,
826 3353 922 3438 cujus
945 3353 1093 3418 Galenus
1119 3354 1176 3420 lib.
1199 3373 1251 3420 vr.
1287 3357 1329 3423 de

244 3447 457 3529 Simplicihus
470 3446 563 3513 Med.
582 3451 714 3514 Facult.
728 3450 847 3518 A'e‘tius
862 3473 1007 3521 sermone
1022 3455 1139 3537 primo,
1153 3465 1187 3522 et
1201 3457 1330 3524 Paulus

237 3548 399 3629 AEgineta
427 3548 487 3612 lib.
503 3564 570 3612 vrr.
599 3553 784 3630 meminere,
812 3554 959 3637 ejusdem
988 3553 1162 3622 historiam
1186 3560 1327 3624 reserens

244 3647 378 3714 Plinius
395 3648 430 3712 N
432 3655 476 3712 at.
486 3649 577 3715 Hist.
594 3666 688 3716 xxv.
700 3655 730 3718 3.
754 3654 875 3719 ‘folia'
894 3657 1003 3740 inquit
1016 3660 1027 3691 ‘
1038 3657 1157 3722 habere
1172 3661 1328 3746 oblonga,

244 3751 348 3840 nigra,
364 3749 513 3813 radicem
527 3753 664 3833 nigram,
687 3773 825 3819 succum
847 3756 921 3839 ejus
941 3758 1083 3840 exprimi
1098 3765 1130 3824 et
1144 3779 1189 3823 ex
1204 3762 1329 3842 radice,

245 3851 313 3916 oris
321 3850 419 3914 malis
430 3851 609 3916 salutarem
621 3874 696 3918 esse
713 3862 825 3921 contra
840 3859 978 3939 anginas
993 3877 1127 3941 quoque
1142 3865 1176 3924 et
1195 3881 1329 3947 serpen·

246 3958 310 4018 tes.
353 3951 503 4017 ‘Addit'
531 3953 565 4015 in
589 3953 770 4021 Germania
778 3959 944 4023 inventam
958 3979 1045 4036 esse,
1061 3968 1152 4025 trans
1168 3962 1324 4030 Menum

244 4054 362 4118 castris
379 4072 401 4116 a
415 4051 767 4123 Germanicocoesura
782 4061 956 4142 promotis,
980 4061 1097 4126 Frisiis
1119 4063 1326 4132 monstranti-

244 4155 327 4219 bua’
371 4151 591 4223 Germanicus
613 4161 724 4224 autem
753 4167 827 4225 cum'
848 4159 1023 4228 Germanis
1048 4161 1172 4230 bellum
1195 4165 1327 4250 gerebat
