3006 4874
117 405 121 414 ·
251 385 314 450 l82
585 355 634 448 nn
655 399 688 446 c.
713 395 833 445 rnrnrr
858 393 997 445 raram

249 546 340 611 hibet
353 545 454 608 etiam
470 542 581 626 plnres
590 540 719 617 Arrius,
733 541 804 604 sive
817 538 930 604 Areos
946 537 1084 616 vixisse,
1099 535 1267 602 autetiam
1278 555 1341 602 nna

249 667 340 712 mero
354 643 589 710 Dioscoridum
605 643 831 706 diversitatem
841 641 1045 725 superasset
1091 639 1157 703 Sed
1173 639 1245 704 haec
1261 659 1339 704 con-

245 756 380 831 jectura
404 752 472 810 est:
503 745 584 810 illud
608 752 834 824 argumentum
860 748 998 806 certum.
1048 739 1173 804 Praeter
1195 738 1339 822 Augusti

248 855 500 932 praeceptorem,
517 865 614 929 quem
628 846 710 910 licet
723 844 954 927 philosophum
970 842 1077 906 luisse
1104 846 1246 920 constet,
1268 861 1338 905 non

250 950 398 1032 sequitur
411 949 520 1012 fuisse
533 947 695 1011 medicum
699 993 709 1024 ,
721 945 852 1028 qualem
867 945 1012 1008 amicum
1028 959 1126 1007 sunm
1144 942 1267 1007 secisse
1277 943 1339 1008 Di·

248 1049 417 1118 cscorides
442 1049 584 1124 videtur,
617 1047 765 1111 meminit
793 1045 875 1109 Arei
899 1043 1117 1127 Asclepiadei
1146 1052 1269 1126 quarto
1294 1044 1338 1108 de

248 1152 367 1234 Gomp.
384 1149 478 1215 Med.
493 1147 679 1214 Secundum
690 1148 771 1212 [roc.
784 1167 858 1229 cap.
872 1147 903 1210 7.
914 1145 1075 1223 Galenus,
1090 1153 1126 1208 et
1135 1147 1248 1229 quinto
1260 1165 1337 1228 cap.

247 1257 282 1319 7.
307 1271 434 1317 necnon
456 1253 574 1336 quinto
595 1250 637 1313 de
653 1250 772 1331 comp.
787 1247 879 1311 Med.
896 1247 1086 1312 Secundum
1108 1247 1241 1312 Genera
1262 1265 1338 1329 cap.

245 1358 300 1422 16.
324 1355 367 1418 ad
392 1371 489 1435 quem
514 1357 609 1416 extat
634 1351 906 1414 medicamentum
932 1369 954 1414 a
984 1349 1183 1414 Dioscorida
1206 1350 1338 1414 Tarseo

246 1459 382 1524 missum
395 1471 457 1535 pro
472 1449 635 1531 sanguine
650 1450 889 1533 supprimendo
901 1451 1226 1534 praestantissimum.
1251 1451 1337 1516 Tar-

247 1557 354 1623 sensis
368 1573 450 1618 vero
465 1549 547 1615 Arei
561 1570 648 1614 nono
664 1550 705 1614 de
720 1550 842 1634 Comp.
859 1551 954 1614 Med.
966 1551 1154 1615 Secundum
1168 1553 1336 1637 Luecap.

245 1660 299 1724 21.
344 1655 412 1721 Sed
428 1653 565 1718 Lecanii
579 1650 661 1716 Arei
676 1653 800 1716 mentio
819 1653 940 1733 legitur
959 1653 993 1716 in
1014 1651 1145 1717 Galeuu
1159 1653 1276 1735 quinto
1290 1653 1335 1718 de

245 1759 366 1842 Comp.
376 1755 469 1820 Med.
486 1752 673 1818 Secundum
688 1752 818 1818 Genera
833 1772 910 1835 cap.
925 1753 979 1818 13.
993 1754 1105 1836 capite
1119 1772 1196 1818 vero
1213 1754 1265 1817 ll.
1278 1755 1334 1820 bis

245 1859 369 1924 Areum
384 1857 577 1939 simpliciter
590 1854 675 1918 idem
691 1852 841 1918 Galenus
865 1863 976 1934 vocat,
995 1855 1276 1938 quemadmodum
1299 1865 1336 1922 et

243 1962 297 2027 14.
310 1979 350 2024 ac
365 1958 495 2022 decimo
507 1956 549 2020 de
559 1955 678 2038 Comp.
690 1955 779 2020 Med.
790 1955 979 2021 Secundum
992 1957 1075 2022 Luc.
1087 1975 1163 2038 cap.
1176 1959 1208 2020 2.
1238 1955 1337 2036 Quo·

243 2163 324 2228 milri
339 2163 393 2238 sit,
404 2160 485 2225 nihil
499 2164 620 2223 temere
633 2163 763 2223 statuo:
777 2157 917 2222 inclinat
930 2164 1042 2224 tamen
1056 2159 1196 2237 animus,
1212 2167 1252 2224 ut
1264 2179 1337 2226 cre·

243 2264 322 2329 dam
337 2262 487 2327 Decanio
502 2260 602 2338 Areo,
616 2278 678 2342 pro
693 2277 736 2323 ea
749 2271 828 2343 qnae'
840 2256 929 2324 Areo
945 2260 1157 2325 Dioscuridis
1180 2279 1258 2326 cum
1276 2261 1335 2326 Li·

243 2364 333 2430 cinio
361 2363 472 2428 Basso
500 2359 715 2426 necessitudo
740 2361 937 2438 intercessit,
961 2357 1094 2424 Lccuuio
1117 2362 1146 2426 si
1172 2361 1259 2427 forte
1285 2364 1334 2428 le-

243 2463 385 2548 gendnm
407 2469 470 2540 est,
494 2481 561 2526 non
588 2457 720 2536 Licinio,
749 2460 849 2545 lapsu
872 2463 917 2525 ob
942 2463 1112 2528 verborum
1142 2462 1334 2528 similitudi·

241 2583 319 2629 nem
339 2563 442 2640 facto,
461 2563 592 2645 qualem
622 2564 779 2645 antiquus
800 2563 953 2628 Frontini
971 2562 1014 2627 da
1034 2561 1146 2647 Aquae
1162 2562 1334 2630 Ductibns

241 2665 422 2746 impressor
435 2663 603 2727 commisit
612 2663 672 2727 lib.
684 2663 841 2741 secando,
855 2684 917 2748 pru
930 2663 1097 2728 ‘Iecanio
1107 2663 1227 2728 Basso’
1243 2664 1334 2730 Gon-

242 2765 315 2829 sule
330 2765 393 2828 sub
409 2763 542 2828 Nerone
563 2763 767 2830 ‘Licinium'
786 2765 911 2842 dicens,
923 2783 1023 2849 quem
1035 2770 1237 2830 tamencum
1254 2785 1331 2832 esse

240 2865 333 2944 nolo,
357 2865 414 2948 qui
436 2862 570 2929 Arrium
594 2865 803 2930 Dioscoridis
822 2871 964 2931 amaret:
985 2885 1072 2943 cnm,
1088 2870 1126 2930 ut
1144 2873 1332 2933 auctorest

240 2964 372 3028 Plinius
397 2964 481 3028 Nat.
496 2965 587 3028 Hist.
604 2980 690 3028 xxr.
706 2966 739 3030 ·2.
755 2953 967 3031 se'scribente
981 2963 1134 3050 perierit:
1156 2967 1215 3032 sed
1229 2968 1329 3052 huJus

238 3065 343 3130 filium
359 3066 474 3148 potius
488 3064 637 3148 ejusdem
653 3085 728 3130 cnm
744 3065 856 3131 Plinio
870 3066 893 3131 J
897 3069 1012 3133 uniore
1035 3069 1163 3146 aetatis,
1179 3069 1235 3134 cui
1250 3089 1329 3136 cnm

240 3168 285 3230 ob
296 3165 491 3245 doctrinam,
506 3173 577 3231 tum
591 3167 693 3231 etiam
704 3174 838 3250 propter
849 3168 1010 3233 familiam
1025 3168 1092 3234 sibi
1101 3189 1175 3234 curn
1187 3189 1229 3234 eo
1239 3189 1331 3236 com«

238 3287 373 3332 munem
387 3285 485 3333 carus
498 3275 601 3345 esset,
617 3266 705 3350 quod
717 3274 844 3351 epatre
860 3289 924 3333 suo
939 3267 1080 3348 Quinto,
1093 3277 1154 3334 ant
1165 3271 1328 3353 quopiam

237 3368 306 3433 alio
320 3387 366 3432 ex
379 3369 542 3446 Iecaniis,
556 3368 746 3434 libertatem
760 3369 912 3451 adeptus,
926 3375 985 3434 aut
1003 3389 1066 3436 sno
1082 3369 1258 3449 beneficio,
1269 3372 1326 3437 vel

237 3468 372 3533 alterius
387 3467 526 3530 Lecanii
548 3470 719 3532 civitatem
733 3468 935 3544 Romanam,
961 3467 1006 3546 Q.
1026 3469 1193 3536 lecerius
1216 3471 1327 3538 Areus

237 3565 469 3650 appellaretur,
494 3566 637 3630 cni-sibi
662 3571 697 3630 ut
718 3564 759 3630 de
782 3565 926 3632 Materia
953 3567 1090 3634 Medica
1106 3569 1326 3638 Dioscorides

236 3666 453 3732 Anazarbens
474 3666 631 3731 scriberet
645 3668 773 3734 auctori
788 3685 886 3732 sunm
900 3687 989 3752 opus
1002 3669 1139 3753 Trajani
1154 3671 1326 3756 principa·

235 3776 290 3835 tus
303 3767 399 3834 initio
410 3768 638 3851 nuncupavit;
661 3787 756 3834 annis.
770 3770 813 3832 ab
828 3769 923 3833 obitu
939 3771 1039 3834 Plinii
1055 3771 1204 3836 Senioris
1215 3791 1325 3856 prope

233 3869 409 3955 triginta,a
424 3887 491 3950 qno
505 3868 699 3950 antiquioris
720 3888 757 3932 se
780 3868 981 3951 Herophilii,
1004 3872 1076 3936 sive
1100 3870 1324 3940 Alexandrini

236 3967 448 4034 Dioscuridis
461 3967 565 4044 nulla,
574 3972 611 4032 ut
624 3969 773 4044 arbitror,
787 3968 871 4032 ratio
885 3969 1001 4036 habita
1012 3977 1074 4049 est,
1085 3973 1167 4055 quia
1178 3973 1220 4038 do
1230 3969 1325 4058 'plan-
1448 4033 1459 4045 ,

234 4075 342 4133 tarum
355 4069 621 4153 reliquorumque
637 4069 837 4150 simplicium
852 4069 1165 4138 medicamentorum
1183 4074 1322 4141 historia

235 4173 270 4233 et
283 4167 443 4236 facultate
455 4171 621 4254 iuscripta·
631 4169 715 4234 nihil
726 4175 785 4236 ant
808 4169 980 4238 minimum
994 4173 1153 4252 retulerit,
1174 4173 1321 4242 Antonio
1452 4199 1455 4212 ·
