3006 4874
466 414 600 464 nnorro
624 413 648 462 r.
671 414 786 464 rsunr
810 413 993 466 creantur.
1226 405 1269 470 85

178 577 273 641 paene
290 557 494 643 Inscriptiol
539 557 631 636 Quid
653 556 833 640 significat,
862 558 929 625 nisi
954 555 1016 624 hoc
1038 559 1210 642 significat,
1233 563 1269 628 ia

178 659 308 724 detritis
320 659 389 723 illis
404 658 560 743 principii
575 659 829 742 Epigrammetis
844 659 953 726 literis
963 660 1123 742 legendis,
1139 668 1194 726 aut
1208 664 1268 728 ad-

178 760 398 826 versariorum
416 765 604 826 nostrorum
629 759 749 824 oculos
774 759 955 842 caligantes
980 763 1183 839 cmcutiisse,
1208 771 1267 830 aut

177 861 380 928 voluntatem
397 861 521 944 potius,
537 880 637 944 quam
648 861 754 927 visum
771 859 805 926 in
816 860 978 943 judicium
991 881 1052 928 eos
1067 862 1266 930 adhibuisse.

178 960 290 1039 Quem
313 963 398 1026 enim
421 962 565 1026 maxime
586 961 751 1024 illustrem
774 980 862 1032 esse,
876 981 1009 1045 cupere,
1023 968 1057 1029 et
1078 965 1267 1047 optarede-

176 1063 340 1143 buerunt;
361 1062 449 1131 hunc
463 1061 593 1127 factum
606 1081 774 1146 augurem,
790 1063 848 1146 qui
872 1082 938 1127 non
959 1070 1066 1146 esset;
1095 1065 1267 1150 praecipua

177 1171 209 1230 et
222 1163 381 1230 nobiliori
403 1172 497 1248 parte
511 1164 679 1246 dignitatis
700 1163 921 1229 denudarunt:
943 1166 1032 1230 hunc
1047 1171 1098 1231 tot
1120 1167 1266 1250 splendi-

176 1266 290 1330 darum
308 1265 625 1330 administrationum
638 1264 844 1346 integerrime
853 1267 1037 1330 iunctarum
1046 1265 1172 1330 honore
1187 1287 1266 1354 spo-

175 1365 291 1430 liatum
304 1387 313 1445 3
335 1365 423 1430 hunc
445 1366 487 1429 de
502 1365 687 1430 sublimiori
701 1363 803 1444 gradu
817 1364 1012 1448 dejecerunt,
1028 1371 1129 1449 atque
1152 1367 1264 1430 detur-

174 1467 304 1544 barunt,
318 1487 358 1532 ac
373 1469 483 1532 lumen
503 1467 585 1531 illud
602 1467 748 1543 honoriS,
765 1473 799 1532 et
814 1467 927 1548 gloriae
945 1467 1154 1550 splendorem
1169 1475 1263 1532 tanto

52 1653 56 1659 Ι
176 1567 288 1631 studio
301 1567 536 1650 conquisitum,
550 1569 773 1631 extinxerunt.
796 1567 884 1631 Haec
895 1567 1059 1650 ejusmodi
1071 1575 1202 1646 sunt,ut
1214 1569 1264 1632 vi·

175 1666 254 1731 dear
265 1688 403 1733 securus
414 1688 520 1732 meam
531 1668 574 1731 ad
589 1669 654 1731 alia
667 1675 861 1732 convertero
873 1668 1058 1734 orationem
1065 1669 1138 1752 jam
1151 1688 1263 1751 posse.

218 1768 283 1832 Sed
300 1789 342 1834 oa
357 1774 410 1836 est
424 1769 476 1832 vis
489 1768 651 1843 veritatis,
663 1751 703 1858 ea
718 1775 880 1851 potestne,
896 1788 972 1853 quae
985 1770 1085 1836 nullis
1100 1771 1154 1834 vel
1169 1771 1264 1836 cuni·

174 1871 260 1934 culis
292 1869 397 1934 everti
429 1869 622 1935 calliditatis
647 1870 700 1934 rel
722 1869 869 1934 solertiae
892 1871 1073 1952 prestigiis
1095 1869 1262 1955 captioni-

171 1971 304 2053 busque
318 1971 516 2035 labefactari
531 1973 654 2054 possit,
669 1976 769 2054 atque
783 1972 938 2034 convelli.
974 1972 1025 2035 Ea
1040 1972 1263 2054 imbecillitas,

174 2089 215 2135 ac
229 2071 363 2136 vanitas
378 2071 548 2149 salsitatis,
565 2091 641 2154 quae
664 2072 776 2135 multis
797 2090 889 2154 saepe
911 2071 1022 2135 modis
1044 2079 1263 2156 expugnetur,

174 2178 272 2254 atque
293 2174 514 2255 opprimatur,
528 2178 565 2237 ut
586 2193 655 2256 quo·
674 2172 799 2237 dlutius
814 2175 974 2237 versoria
995 2173 1093 2256 hujus
1116 2173 1263 2259 Inscrip-

173 2273 273 2336 tionis
295 2273 460 2349 examine,
475 2278 509 2335 et
529 2273 661 2354 singula
678 2273 870 2354 diligentius
892 2273 1051 2354 inspicio,
1066 2277 1166 2356 atque
1188 2293 1263 2357 per·

171 2373 302 2454 pend03
325 2391 367 2436 eo
380 2373 529 2455 pluribus
544 2373 706 2437 adversus
721 2372 902 2437 Pantheum
916 2373 1079 2437 abundem
1094 2393 1265 2455 argumen-

172 2475 227 2548 tis,
243 2474 368 2557 quibus
389 2493 463 2537 cum
479 2474 532 2538 rel
547 2473 675 2538 frivole
689 2473 774 2556 ipsae
796 2473 870 2556 ejus
892 2473 1101 2552 ratiunculas,
1117 2493 1203 2557 qnae
1218 2492 1262 2538 ex
1331 2473 1345 2492 ⁸

171 2573 235 2637 hac
252 2574 472 2658 Inscriptioue
488 2593 549 2656 por
564 2575 629 2637 vim
645 2574 701 2638 ille
716 2574 896 2655 expressit,
910 2591 1048 2657 prorsus
1063 2574 1265 2640 contundan-

172 2681 236 2755 tur,
252 2683 350 2761 atque
365 2675 537 2751 elidantur,
552 2695 611 2757 pro
627 2681 789 2758 suscepto
800 2673 986 2758 patrocinio
998 2693 1039 2739 ea
1051 2674 1262 2740 dissimulare

171 2797 237 2841 non
252 2795 404 2860 possum.
449 2775 536 2840 Mihi
556 2776 643 2840 enim
660 2775 812 2860 antiquas
827 2774 1077 2858 Inscriptiones,
1092 2795 1262 2858 quaecum-

170 2897 236 2960 que
253 2877 407 2940 Romano
423 2875 570 2958 Imperio
585 2875 693 2939 adhuc
704 2874 843 2938 florente
857 2874 954 2938 sacrae
971 2874 1013 2937 ad
1026 2894 1088 2938 nos
1103 2893 1262 2958 pervene-

170 2985 256 3054 runt,
272 2995 357 3062 quas
382 2975 565 3042 Panrinius
586 2981 619 3040 et
636 2975 744 3040 Aldus
762 2975 874 3058 junior
888 2975 1037 3052 retulere,
1053 2993 1137 3058 quas
1151 2973 1263 3040 Vero·

170 3099 224 3143 nae
237 3077 392 3142 Torellus
414 3077 574 3162 Sarayna,
594 3077 781 3142 Mediolani
801 3073 955 3140 Andreas
977 3073 1146 3151 Alciatus,
1163 3073 1259 3140 Comi

172 3179 372 3244 Benedictus
397 3179 521 3245 Jovius
546 3179 719 3260 collegere,
745 3196 893 3261 quasque
920 3177 979 3240 alii
1002 3195 1124 3258 magno
1148 3177 1261 3240 labore

170 3281 375 3362 conquisitas
397 3282 431 3343 in
453 3299 555 3344 unum
577 3279 733 3344 volumen
755 3283 1002 3360 congesserunt,
1025 3277 1145 3360 quibus
1163 3275 1259 3342 Verri

170 3401 303 3467 quoque
332 3377 450 3446 Flacci
474 3381 653 3444 Fastorum
673 3399 714 3444 ac
732 3378 991 3462 Triumphorum
1015 3377 1158 3440 Romani
1172 3377 1261 3460 frag-

170 3485 273 3548 menti
287 3483 475 3548 observatio
491 3480 633 3558 accedit,
647 3481 807 3546 memoria
822 3478 998 3562 repetenti,
1012 3496 1053 3544 ac
1072 3483 1183 3542 mente
1197 3479 1261 3541 cir·

169 3585 402 3669 cumspicienti
416 3603 541 3660 omnes,
559 3583 656 3666 cnjus
670 3583 838 3648 memoriae
853 3598 958 3648 causa
975 3582 1009 3645 in
1025 3592 1091 3646 aere
1105 3580 1260 3661 leguntur

169 3687 297 3765 incisae,
314 3687 421 3751 autin
441 3703 603 3749 marmore
624 3684 813 3766 insculpta,
828 3683 904 3768 ejus
921 3681 1037 3764 patris,
1053 3686 1112 3746 eut
1127 3683 1260 3763 patroni

169 3789 369 3854 mentionem
383 3789 467 3852 viem
480 3791 556 3850 sunt
569 3787 692 3850 habere
708 3803 882 3862 annexam,
898 3783 988 3868 quod
1004 3801 1056 3848 me
1069 3782 1168 3846 vobis
1178 3801 1260 3864 pau·

169 3892 231 3965 cis,
246 3895 407 3973 quantum
424 3906 529 3952 causa
540 3892 650 3951 nostra
664 3885 827 3970 postulat;
842 3890 1064 3967 exponentem
1079 3882 1203 3948 audite.

213 3989 371 4065 Romani,
386 3994 442 4053 aut
463 3988 559 4052 liberi
580 3994 684 4064 erant,
709 3994 769 4051 aut
789 3986 916 4052 liberti:
940 3986 987 4051 illi
1011 3993 1070 4049 aut
1091 3984 1164 4048 nati
1187 3983 1259 4048 Ro-

160 4092 269 4169 mani,
285 4097 343 4156 aut
356 4108 459 4173 nuper
473 4089 507 4153 ln
520 4089 708 4154 Romanam
719 4089 888 4154 civitatem
902 4086 1008 4154 relati.
1047 4084 1129 4152 Nati
1145 4101 1259 4152 rursus

168 4193 403 4277 Imperatores,
428 4190 670 4273 Imperatorum
684 4189 763 4270 tilii,
787 4195 847 4255 aut
869 4186 1201 4268 alinmm¹ordiuum;
1224 4195 1260 4251 et
