3098 4878
557 387 644 436 nan.
667 385 766 435 uisu.
792 387 863 435 nra.
887 387 926 434 11.
947 373 979 435 5.
1234 375 1299 438 333

210 539 374 598 mentam:
396 531 481 596 hunc
501 528 688 612 principale
712 531 838 593 naturae
861 529 1013 610 regimen,
1036 545 1076 591 ac
1091 547 1214 592 numen
1231 549 1300 595 cre·

211 633 290 697 dere
311 633 419 709 dccet,
442 649 548 714 opera
569 630 643 713 ejus
659 629 875 693 aestimantes.
919 627 989 691 Hic
1003 627 1109 691 lucem
1123 629 1224 693 rebus
1239 630 1301 694 mi-

210 733 343 810 nistrat,
365 733 537 816 aufertque
559 731 734 795 tenebras:
764 729 819 794 hic
844 727 973 812 reliqua
996 727 1108 792 sidera
1131 729 1302 810 occultat,¹

211 835 409 900 illustrat2¹¹
431 834 485 898 hic
508 833 602 897 vices
625 835 819 914 temporum,
841 849 1029 912 annumque
1049 847 1177 912 semper
1189 847 1307 896 renes·

213 941 344 1000 centem
359 955 402 1001 ex
415 955 476 1000 usn
491 942 620 998 naturae
635 939 815 1016 temperat:
836 932 891 996 hic
914 931 993 996 coeli
1011 931 1178 994 tristitiem
1192 929 1302 996 discu-

213 1035 267 1112 tit,
288 1043 391 1119 atque
414 1037 514 1100 etiam
537 1033 671 1098 hnmani
696 1033 814 1097 nubila
837 1032 939 1098 animi
965 1037 1115 1096 serenat:
1128 1031 1191 1095 hic
1205 1051 1301 1096 suurn

212 1137 353 1202 lumen¹¹¹
368 1138 487 1202 octaris
502 1154 636 1221 qnoque
652 1133 818 1198 sideribus
832 1133 982 1199 foenerat
1016 1128 1213 1209 Praeclarus,
1229 1133 1305 1197 exi-v

213 1238 313 1318 mins,
335 1239 446 1302 omnnia
467 1238 610 1314 intuens,
636 1235 750 1300 omnia
773 1236 877 1299 etiam
894 1232 1092 1311 exaudiens,
1106 1239 1145 1296 nt
1159 1233 1303 1316 principi

213 1337 383 1402 literarum
398 1337 569 1401 Homero¹¹
588 1335 759 1419 placuisse
771 1336 808 1398 in
821 1353 889 1397 nno
905 1353 946 1398 eo
958 1339 984 1370 ¹⁸
999 1333 1111 1399 rideo.

260 1455 296 1502 v.
317 1436 417 1522 (vn.)
450 1436 666 1520 Quapropter
685 1435 825 1517 effigiem
847 1434 913 1499 Dei
926 1434 1130 1518 formamque
1144 1453 1302 1517 quaerere,

216 1537 451 1602 imbecillitatis
465 1538 619 1602 humana
633 1556 718 1602 reor.
762 1533 929 1619 Quisquis
950 1539 1001 1600 est
1023 1535 1127 1606 Dens,
1149 1535 1180 1598 si
1202 1533 1303 1599 modo

215 1645 270 1702 est
282 1639 395 1716 alins,¹
404 1645 418 1673 ¹
439 1644 473 1702 et
488 1656 698 1722 quacumque
711 1638 745 1702 in
760 1643 867 1721 parte,
889 1640 982 1701 totus
995 1640 1047 1701 est
1059 1653 1192 1714 seusus,
1213 1640 1304 1700 totus

665 1813 846 1836 W

217 1915 250 1961 lu
266 1911 390 1962 Nonnulli
410 1927 425 1962 e
444 1946 452 1963 .
469 1913 563 1964 Delec.
623 1916 723 1963 ιιι-11
742 1911 786 1962 lte
804 1911 889 1962 edidit
908 1911 1037 1962 Haeduis.
1054 1924 1087 1960 ex
1106 1911 1158 1960 ruie
1175 1909 1251 1963 codd.
1267 1910 1306 1962 ite

236 1991 319 2052 noune
339 1977 397 2026 cod.
444 1976 509 2028 aleo.
521 1986 549 2027 et
590 1978 652 2027 olet.
671 1976 785 2026 ialrutrnt
800 1973 884 2025 chiffl.
901 1976 1007 2024 wantum
1025 1973 1100 2052 deest
1118 1975 1144 2023 in
1161 1974 1221 2024 edd.
1239 1982 1305 2026 vett.
1375 2047 1378 2054 Α

217 1989 299 2152 ΞᾙΞ.
311 2039 394 2104 Lugd.
413 2043 484 2090 litt.
501 2045 574 2091 todo.
585 2040 679 2090 Dalee.
699 2040 755 2089 Ele·
773 2045 800 2090 et
814 2038 992 2089 (irenen-tt
1006 2037 1113 2088 ‘Dretlu
1124 2053 1151 2088 eu
1162 2037 1306 2089 redundet?

250 2165 317 2214 cn».
333 2179 361 2215 v.
393 2145 407 2216 ἰ
426 2165 491 2216 coa.
502 2164 672 2230 nummuli,
688 2166 711 2214 a
728 2167 814 2214 mnu
831 2164 1054 2228 muruuqam
1069 2162 1306 2227 internecuno

217 2229 335 2280 um.
367 2229 436 2281 idue
447 2229 534 2292 verbe.
549 2229 573 2279 ei
589 2232 704 2280 mdeeet
713 2229 783 2286 utine,
793 2228 894 2279 uneinir
912 2229 1089 2278 incluserunt
1106 2228 1133 2278 iu
1149 2226 1210 2276 edd.
1227 2227 1307 2276 Besil-

704 2355 812 2408 Nom

206 2513 210 2520 .
251 2467 258 2501 ¹
276 2467 398 2532 Oeuittd]
413 2467 480 2519 Vide
492 2468 576 2520 Noter
593 2475 621 2520 et
634 2468 742 2520 Emend.
782 2477 850 2518 teres
859 2467 1008 2532 Philosophi
1024 2466 1149 2518 sciscitati
1164 2472 1235 2531 sunt,
1245 2481 1308 2532 qua·

218 2545 324 2594 numa.
781 2559 840 2595 nem
851 2545 931 2596 illein
943 2552 1028 2609 perte,
1039 2546 1065 2595 ln
1077 2545 1226 2609 cerebrose,
1237 2559 1269 2595 en
1280 2547 1307 2595 in

251 2626 269 2653 ¹
285 2618 336 2668 Hie
352 2633 420 2670 m
437 2619 526 2683 meu]
547 2619 648 2671 Ceteris
669 2619 744 2669 niuri-
782 2620 861 2670 eorde
883 2621 980 2684 potine,
997 2620 1085 2670 sedern
1103 2619 1219 2682 heberet,
1238 2619 1308 2670 uude

219 2705 275 2742 rum
287 2693 370 2744 stellis
381 2695 526 2744 errantibus
541 2694 573 2744 de
588 2708 634 2744 suo
648 2693 744 2744 lurulne
782 2702 903 2759 tauquam
913 2719 916 2724 ·
925 2711 958 2745 ex
981 2710 1041 2747 erce
1067 2695 1192 2761 reliquom
1215 2710 1308 2760 corpur

219 2766 343 2830 quiddam
361 2767 546 2822 accommodet.
577 2768 646 2818 Vide
661 2769 751 2820 Notus⁴
782 2770 960 2821 modereretnr
976 2786 1007 2821 nc
1024 2769 1234 2835 dispensaret-¹
1248 2772 1308 2821 Die·

219 2841 478 2895 enecandum
784 2845 879 2894 cedere
898 2850 987 2909 aperte
1006 2857 1057 2894 non
1076 2844 1156 2894 audet
1171 2859 1186 2894 e
1202 2847 1311 2909 popule·

252 2923 265 2949 ²
280 2916 398 2979 Hunno]
414 2919 422 2946 ⁴
440 2917 473 2966 ln
491 2917 556 2978 eolo,
576 2917 670 2982 luqnlt,
690 2917 746 2968 lio·
784 2919 849 2969 rium
863 2933 967 2969 auorum
985 2919 1157 2969 Romanorum
1176 2919 1309 2984 religione,

219 3003 292 3040 mero
308 2991 334 3040 id
349 2992 423 3055 lego;
440 3003 489 3042 uec
505 2991 638 3057 quiequam
654 2999 747 3057 postea
784 3008 843 3058 quae
854 2994 938 3044 Solem
950 2993 1065 3059 inprirnie
1082 2993 1201 3045 eolebetr
1217 2995 1310 3057 utillo,

220 3067 355 3116 enunterit
365 3066 550 3118 iteHomeruur
559 3069 677 3121 sensisse.
701 3070 745 3119 So·
785 3078 882 3134 praeter
897 3070 957 3130 elia,
969 3083 1086 3119 nummus
1096 3068 1164 3132 lmp.
1175 3068 1309 3118 Aureliani

220 3141 272 3190 leur
294 3142 432 3192 mustum
455 3157 514 3192 enee
534 3147 588 3192 tum
608 3144 646 3194 ibl
666 3146 747 3194 renuit
785 3142 872 3206 ducet,
888 3144 1047 3208 inscriptus:
1061 3155 1108 3193 son
1124 3154 1247 3194 uournvs
1263 3157 1310 3194 rru-

221 3215 358 3280 Homerue,
374 3225 429 3268 tum
444 3233 506 3268 reru
523 3219 634 3269 maxime
651 3219 746 3284 odyss.
786 3231 853 3268 annu
864 3231 984 3269 neuram.
1022 3217 1054 3267 1n
1065 3226 1140 3282 perte
1150 3232 1250 3284 eversu,
1261 3232 1329 3270 nvn

221 3297 256 3342 tt.
264 3295 322 3342 ⁸2⁸.
333 3293 360 3342 in
371 3290 459 3342 iebule
469 3292 502 3342 de
510 3291 682 3342 bobaritoliw
699 3295 746 3344 Ed.
786 3305 923 3343 nmranre
944 3305 1021 3343 cons.
1047 3292 1222 3342 ‘Aurelianae
1244 3293 1311 3343 Cou-

221 3379 268 3415 eee.
299 3365 483 3418 illuditm.
499 3364 589 3418 ’uuio
599 3365 747 3431 uentu·
786 3367 921 3429 eerrator‚’
942 3367 1056 3430 ejusdem
1078 3367 1188 3416 Romani
1208 3367 1310 3418 seilicet

222 3441 583 3505 dpopdrmelruln'imodeu.
607 3443 682 3495 Quod
692 3445 749 3494 lile·
787 3441 901 3505 Imperii.
933 3441 1312 3494 EtnlterFl.ClaudliJuliuui

222 3531 254 3567 ro
269 3518 383 3569 imitetur
400 3519 513 3583 videtur,
528 3509 630 3570 AEneid.
641 3523 748 3572 trude.
787 3515 855 3579 Aug·
874 3527 960 3566 osuio
981 3527 1155 3567 namucum
1173 3529 1310 3569 lacunosa

222 3591 337 3655 ‘Solqui
350 3594 747 3660 terrernmilemmieoperuonr·
787 3603 969 3644 enumerari.
1007 3591 1143 3642 sententie
1162 3599 1216 3642 eet:
1244 3593 1311 3643 ‘ue-

222 3666 388 3717 ulelurtrun!
788 3683 868 3720 eron
881 3668 1311 3735 (hocert‚‘primae')Narbnneu·

256 3749 269 3775 ¹
284 3741 390 3808 diceudo
405 3749 441 3792 ert
454 3745 528 3808 udus]
544 3745 672 3810 Deserit,
687 3761 748 3797 nee.
788 3744 833 3808 eie,
853 3745 971 3796 'l'otetori
996 3745 1112 3809 Imperii,
1130 3743 1199 3796 odio
1218 3747 1311 3797 curie-

224 3831 271 3868 ue:
289 3831 321 3867 ac
332 3817 353 3866 ri
369 3817 480 3867 dendurn
496 3827 537 3870 ert
555 3835 611 3872 eree
627 3823 747 3886 aliquem,
788 3821 924 3879 tieuorunr,
938 3821 1021 3870 litium
1035 3821 1116 3871 Noble
1132 3821 1214 3882 Irata,
1224 3822 1318 3872 Aron-¹

224 3907 286 3944 num
303 3893 347 3943 ille
367 3892 393 3942 iu
409 3892 480 3956 Sole,
498 3909 558 3944 num
578 3897 604 3945 iu
623 3897 748 3961 elinque·
788 3894 834 3944 llni
859 3895 1038 3946 libamentum
1064 3896 1178 3954 Obtulit,
1206 3898 1311 3949 Numici

224 3967 432 4034 cumquemundi
449 3975 524 4033 parte
542 3969 629 4020 redenr
645 3969 750 4035 habeut,
787 3969 884 4020 tuliani
904 3971 1028 4021 suumne
1053 3971 1114 4035 (troc
1144 3979 1184 4022 ert
1206 3973 1311 4023 Numici

226 4043 341 4108 ambigit.
361 4044 447 4094 Deum
459 4049 530 4094 retur
540 4043 628 4094 muudi
639 4043 748 4094 animem
788 4051 878 4097 nancto
888 4045 985 4098 Julieui
1001 4047 1209 4116 conservatum
1225 4050 1310 4100 Socie-

226 4129 284 4165 eree
294 4125 425 4181 oportere,
435 4118 469 4169 de
485 4133 516 4169 eo
534 4118 561 4168 id
580 4118 749 4184 pntutlnqul·
790 4129 828 4171 tue
840 4130 1009 4174 mercatorum
1018 4124 1309 4178 Narboneneinm·”Ed.

226 4191 343 4256 rendum,
354 4192 423 4259 qnod
439 4193 472 4244 de
488 4193 595 4246 numiui·
612 4194 695 4246 enimn
707 4209 749 4246 re·
787 4209 832 4245 aec.
