3006 4874
428 399 561 448 aborto
586 398 609 446 l·
633 398 745 447 PAULI
770 397 952 446 ctsnbtltt.
1188 389 1231 453 97

144 543 332 627 patrocinii,
354 550 389 606 et
406 550 492 608 actas
510 563 638 608 summe
660 561 736 607 curn
751 541 922 623 diligentia
944 560 1055 607 causae
1075 562 1231 626 praecone

145 663 187 710 ac
202 643 377 710 laudatore
396 645 498 708 utitur
512 644 721 710 adversarius
736 647 857 719 noster,
870 643 902 705 si
918 642 1101 710 audivisset
1113 643 1233 712 Sueto·

143 747 250 822 nium,
273 745 345 809 sire
368 744 539 827 fragmenti
561 749 740 819 auctorem,
763 743 918 826 quisquis
938 742 996 806 ille
1018 743 1126 824 luerit,
1148 751 1233 814 anti-

145 866 248 932 quum
271 846 372 910 nobis
399 844 622 928 patrocinari;
653 843 764 908 favero
790 843 947 906 Serenum
975 843 1231 929 sammonicum,

145 947 341 1022 Eusebium,
356 953 414 1011 aut
432 947 477 1010 D.
495 945 744 1026 Hieronymum,
763 943 947 1026 astipulari,
971 953 1148 1030 ceteraque
1164 950 1248 1014 sul--

144 1050 286 1132 iragari3
310 1047 409 1112 Plinii
436 1047 619 1122 lectionem,
645 1063 714 1128 qua
743 1042 909 1108 Catullum
935 1046 946 1079 ‘
958 1043 1234 1116 Conterraneum'

145 1156 257 1227 vocat,
268 1153 327 1214 aut
341 1149 477 1212 dubiam
489 1165 576 1222 esse,
586 1153 644 1210 aut
654 1145 802 1228 ejusdem
813 1145 967 1226 regionis,
976 1147 1029 1210 vel
1039 1151 1232 1233 provinciae,

146 1270 211 1314 non
225 1250 395 1326 dioecesis,
410 1247 612 1330 signiticare3
636 1246 860 1310 Secundorum
874 1246 1034 1312 familiam
1048 1271 1123 1316 esse
1137 1253 1232 1320 fabu-

146 1354 265 1429 losam,
282 1349 512 1432 cognationem
526 1347 715 1430 figmentum
728 1368 736 1428 ;
759 1347 902 1411 Plinium
918 1347 1103 1428 Juniorem,
1117 1359 1232 1419 testem

146 1452 344 1536 productum
364 1470 385 1515 a
400 1449 564 1528 Pantheo,
580 1450 803 1513 testimonium
818 1455 874 1512 aut
888 1449 1048 1515 adversus
1068 1473 1143 1518 eum
1159 1456 1233 1519 dix-

147 1554 225 1631 isse,
237 1559 294 1616 ant
309 1551 399 1616 aliud
409 1569 557 1634 prorsus,
572 1569 672 1632 quam
681 1549 746 1612 sibi
760 1550 804 1613 ab
819 1569 861 1613 eo
870 1550 1066 1633 imponatur,
1075 1557 1232 1622 testatum

146 1673 240 1731 esse;
270 1654 437 1736 antiquam
464 1651 604 1734 denique
629 1669 843 1714 marmoream
864 1651 954 1713 ittam
981 1651 1232 1736 inscriptionem

147 1753 291 1830 detritis,
308 1771 349 1817 ac
369 1751 588 1835 complanatis
610 1769 673 1814 nou
692 1750 794 1814 modo
813 1751 931 1828 literis,
951 1752 1010 1816 sed
1028 1755 1180 1838 syllabis,
1201 1765 1234 1824 et

147 1857 273 1932 exesis,
282 1873 367 1937 quas
380 1853 534 1937 opinione
551 1853 643 1917 visas
657 1870 721 1915 nou
731 1852 838 1916 oculis
853 1851 999 1933 legisset,
1012 1859 1169 1939 tanquam
1183 1859 1233 1922 in·

148 1966 285 2038 tagram,
314 1954 406 2019 nulla
425 1954 479 2018 vel
505 1954 681 2016 vetustatis
700 1952 821 2035 injuria
837 1952 1046 2032 labefactam,
1067 1959 1118 2020 vet
1143 1960 1233 2042 vulgi

147 2057 346 2133 temeritate,
361 2062 420 2120 aut
429 2055 559 2118 incuria
572 2054 744 2130 violatam,
756 2059 858 2136 atque
870 2052 1084 2120 deformatam
1098 2058 1232 2136 adduci,

148 2177 189 2222 ac
202 2159 307 2222 totius
328 2174 442 2220 causae
457 2153 563 2220 veluti
580 2155 818 2220 firmamentum
837 2155 1014 2248 constitui3
1037 2157 1078 2220 de
1098 2179 1166 2240 qua
1180 2162 1233 2226 vel

147 2259 215 2342 ipsi
229 2257 440 2322 veronenses
457 2255 542 2321 inter
560 2275 597 2320 se
619 2257 797 2339 plurimum
816 2255 1012 2321 dissidentes
1032 2259 1117 2323 alius
1140 2262 1234 2326 aliter

148 2359 353 2443 conspicuas
367 2357 480 2422 literas
500 2357 661 2422 retulerit:
683 2357 770 2435 baec,
787 2364 825 2420 nt
844 2357 1007 2430 dicebam,
1020 2361 1051 2424 si
1066 2359 1232 2427 Alcardus

142 2457 345 2535 audivisset,
374 2459 430 2522 eia
456 2477 522 2522 non
550 2457 724 2535 vincimus,
747 2457 796 2522 uti
816 2455 987 2523 Paatbeus
1008 2461 1152 2544 scripsit,
1174 2463 1234 2531 sed

149 2561 321 2638 vincimur,
336 2560 523 2643 dejicimur,
536 2560 784 2625 succumbimus
806 2576 951 2641 prorsus,
973 2565 1007 2624 et
1027 2566 1059 2624 te
1084 2569 1234 2646 patrono,

151 2661 310 2735 Pautbee,
326 2678 392 2724 non
413 2660 474 2739 illi,
493 2679 578 2743 quos
600 2664 720 2724 contra
741 2658 871 2735 venisti,
889 2657 947 2722 sed
969 2661 1113 2742 nosipsi
1129 2680 1234 2729 causa

148 2761 312 2840 cadimus,
326 2762 596 2839 exclamavisset,
610 2781 674 2825 noc
693 2761 892 2844 triumphum
910 2767 1009 2825 cantu
1032 2763 1234 2847 intempesti-

148 2882 205 2941 vo,
219 2861 460 2944 victoriamque
472 2860 672 2926 simillimam
698 2859 926 2925 Secundorum
945 2860 1082 2927 sauritim
1100 2871 1133 2929 et
1154 2886 1234 2948 cog-

149 2963 296 3035 nationis
311 2962 551 3026 antevertisset.

190 3064 353 3140 Tandem,
368 3082 466 3146 quem
479 3062 558 3127 mibi
574 3063 747 3128 terminum
763 3079 803 3126 ac
817 3063 955 3127 limitem
966 3067 1139 3147 praesentis
1154 3086 1234 3132 con-

151 3165 322 3231 troversiae
342 3164 514 3241 constitui,
534 3163 666 3240 Patres,
685 3163 772 3226 bunc
788 3183 854 3228 non
870 3164 1102 3246 transgredior,
1118 3171 1151 3230 et
1168 3168 1234 3232 'line

149 3268 240 3335 tacto
255 3265 373 3330 desino
387 3264 483 3328 abuti
498 3265 660 3347 patientia
671 3272 790 3340 vestra,
802 3284 864 3328 nec
876 3265 986 3343 vobis,
996 3265 1141 3330 studiosi
1153 3269 1234 3332 ado·

149 3367 325 3442 toscentcs,
351 3364 393 3428 de
417 3365 480 3428 bac
502 3365 687 3447 quaestione
708 3365 846 3429 ulterius
869 3367 1026 3429 molestus
1047 3385 1124 3430 ero:
1156 3387 1233 3432 cum

149 3467 231 3534 mibi
246 3487 268 3531 a
281 3459 589 3550 Principe'dabitur
599 3465 746 3544 occasio,
757 3467 827 3532 cito
842 3473 955 3531 nutem
970 3465 1109 3552 dabitur,
1124 3467 1233 3536 dicam

142 3567 321 3638 dealtera
797 3577 800 3584 ⁴
1265 3571 1270 3580 '

216 4311 336 4375 nepaes
350 4311 478 4364 Vunclor.
633 4315 737 4366 Plinius.
