3098 4878
535 399 620 448 ιιι.
645 399 741 448 nisu.
766 383 956 450 nrn.11.6.
1218 389 1283 453 347

207 539 415 622 Pythagoras
431 539 562 606 Samius
577 543 700 624 primus
709 543 932 624 deprehendit,
947 543 1166 626 Olympiada¹¹
1190 546 1284 608 circi·

203 649 258 704 ter
273 657 368 704 nxtr.
382 643 440 724 qni
455 641 518 705 fuit
533 643 621 706 urbis
633 641 750 707 Romen
766 661 869 706 annue
886 652 1063 709 ooxxu.¹⁹
1104 643 1127 708 J
1129 663 1182 708 am
1195 664 1283 728 meg-

203 741 392 806 nituiline²⁰
413 750 506 807 extra
532 751 654 808 onnota
676 743 744 807 alia
758 744 869 807 nidera
887 752 957 808 est:
980 746 1138 808 claritatis
1152 745 1283 827 quidem

205 847 315 918 tantm,
330 849 365 906 ut
380 844 476 908 unius
489 843 587 926 hujus
602 845 729 908 stelle*
750 845 851 909 radiis
870 845 994 910 umbrae
1009 844 1191 908 reddantur.
1216 845 1284 909 lta·

203 961 272 1024 que
286 949 319 1006 et
333 945 366 1006 iu
381 964 500 1025 magno
513 945 677 1008 nominum
688 945 812 1008 ambitu
827 956 889 1009 ent.
930 945 1000 1008 Alii
1014 947 1098 1009 eninr
1109 945 1284 1020 lunonis,w

206 1044 264 1106 alii
279 1042 404 1120 leidis,¹¹
420 1043 478 1108 alii
493 1044 615 1108 Matris
634 1045 741 1110 Deum
762 1045 986 1128 appellavere.
1031 1046 1145 1130 Hujus
1166 1052 1284 1109 natura

655 1223 835 1245 NRMN‘OO

206 1336 270 1386 Solis
281 1337 362 1388 r'tr'irerr‘
369 1339 468 1397 saeiliue
477 1345 664 1402 congrum-19
681 1341 739 1392 ‘Ita
750 1340 800 1389 t'rrit
815 1340 1010 1395 emendandum.
1021 1344 1050 1387 ut
1062 1345 1204 1400 temporum
1221 1340 1286 1388 ratio
1316 1371 1325 1386 .

205 1415 263 1448 cum
281 1403 433 1466 Pytlragoroe
454 1403 506 1452 uita
520 1407 683 1453 consentiret.
717 1405 855 1466 Perperam
867 1405 980 1453 eruditur
993 1403 1148 1464 Harduinue,
1160 1404 1184 1450 in
1204 1403 1286 1451 altera

206 1477 253 1512 erra
262 1466 386 1528 editione,
397 1477 498 1516 secutus
508 1475 625 1517 rittnreroe
636 1469 748 1519 reconda
758 1481 832 1516 mann
842 1468 868 1515 iu
887 1468 936 1516 itia.
953 1468 1016 1528 Reg.
1033 1471 1058 1514 ι.
1075 1466 1183 1521 additor,
1200 1481 1285 1514 emen·

207 1527 294 1576 derit:
314 1531 450 1594 Olympiade
467 1531 560 1579 circiter
572 1533 693 1580 XXXII.
759 1533 838 1578 limare
851 1530 962 1578 cxlii:
979 1531 1090 1579 Brotier.
1126 1530 1285 1578 llnrrlninnm

206 1601 347 1652 aequantur
357 1595 453 1642 Miller.
465 1595 568 1656 Bipont.
579 1603 606 1644 et
617 1597 703 1643 Frena.
721 1596 751 1643 0.
763 1597 859 1643 circiter
869 1593 1046 1656 quadragesima
1060 1595 1167 1648 eccardo,
1184 1595 1223 1655 qui
1231 1593 1285 1653 snit

206 1669 232 1702 rr.
253 1656 285 1704 R.
303 1672 378 1705 mirre
393 1659 530 1706 centesimae
540 1659 853 1720 quadregesimuereeumlue
863 1658 945 1725 Lngd.
956 1658 1047 1706 Delec.
1065 1658 1118 1705 Eia
1135 1657 1247 1705 Gronov.
1259 1663 1287 1704 et

209 1719 334 1768 Harduin.
346 1725 433 1770 l.—-2⁰
442 1723 499 1770 Jenr
509 1723 608 1784 largiori
618 1723 779 1784 mgnitudire
791 1732 865 1769 verne
875 1721 1105 1784 Delecarnpii.-2t
1119 1720 1182 1768 Corl.
1193 1721 1287 1769 Dalec.

692 1866 797 1917 NOTAE

207 1958 319 2021 Pythag.
351 1960 502 2024 Quanquam
522 1963 565 2011 elil
580 1962 728 2013 Parmenidi
768 1963 847 2010 multo
859 1963 945 2024 plnrea
956 1976 1012 2011 eam
1024 1961 1123 2010 rtellam
1135 1959 1232 2008 Veneri
1242 1958 1288 2006 tri·

209 2034 335 2097 tribuunt,
348 2043 376 2084 ut
394 2036 430 2085 ait
450 2034 517 2085 idem
534 2038 560 2085 iu
578 2039 653 2100 liujus
668 2039 728 2087 ritae
767 2037 866 2098 brrunt,'
878 2042 927 2087 etc.
985 2079 987 2083 .

207 2107 253 2156 lib.
266 2122 306 2158 ιι.
332 2109 383 2158 Sed
400 2111 475 2172 plene
492 2112 645 2175 Pythagora
664 2113 729 2161 heac
798 2118 811 2144 ¹
828 2111 912 2174 letitie]
935 2111 1013 2159 Forte
1031 2108 1089 2172 qnia
1111 2107 1205 2156 iridem
1226 2119 1288 2154 non·

207 2185 308 2233 laudem
335 2187 427 2236 atterit
459 2201 575 2237 nummus
602 2187 729 2251 antiquitt,
766 2187 839 2247 nulli,
862 2187 968 2234 eandem
988 2199 1046 2234 eree
1064 2184 1189 2235 lunonem
1215 2188 1288 2243 puta·

207 2272 282 2322 quam
302 2259 420 2323 uidimus,
438 2261 463 2309 in
476 2262 583 2311 (timelio
603 2262 691 2324 Regio,
701 2265 728 2310 in
769 2270 838 2321 runt,
861 2267 889 2309 ut
907 2259 995 2308 scribit
1014 2259 1090 2307 Diod.
1108 2257 1185 2306 Sicut.
1203 2255 1248 2304 lib.
1268 2269 1289 2303 1.

208 2348 259 2395 qno
271 2335 424 2399 Pythagorea
442 2337 523 2400 ipeiue
539 2351 660 2402 expreeea
674 2337 728 2387 effl-
768 2337 837 2385 utut.
849 2350 874 2398 p.
886 2341 927 2384 ιι.
939 2345 964 2382 et
982 2335 1113 2391 carerem,
1129 2346 1184 2396 que
1202 2331 1290 2378 Mater

209 2411 273 2473 pier,
285 2411 468 2462 bacnloetellat
477 2413 501 2462 in
512 2413 588 2476 globo
598 2414 730 2476 signantia,
769 2412 862 2473 Deum,
873 2420 899 2462 et
908 2409 1152 2475 uateeqntbueitem
1161 2407 1290 2470 appellate

208 2498 267 2533 enm
295 2487 443 2550 epigreplm
470 2494 653 2538 umentorum
681 2495 729 2538 cA·
768 2489 924 2550 eet,obelm
942 2487 1137 2551 gerreratrieem,
1154 2483 1291 2548 anerleri·

207 2563 295 2609 Μ·
769 2567 823 2614 rari
846 2581 861 2614 ι
887 2565 990 2613 Venere
1014 2562 1162 2626 potabatur,
1188 2557 1291 2608 effluvio

240 2642 252 2667 ¹
270 2636 420 2701 Olympiade]
440 2638 513 2688 Anno
534 2653 627 2701 nempe
649 2640 730 2688 altero
769 2642 877 2705 quodam
900 2639 1002 2689 virtutie
1029 2637 1165 2693 seminalia,
1190 2635 1290 2697 dequo

208 2711 282 2774 lmjne
296 2711 467 2774 Olympiadir.
485 2715 527 2776 qni
545 2714 620 2776 plane
639 2714 730 2763 incidit
770 2718 880 2766 dirimire
901 2729 959 2779 cap.
977 2720 1001 2765 8.
1030 2716 1081 2765 lein
1105 2713 1217 2778 Egyptii
1240 2713 1291 2760 Lu*

209 2788 235 2834 in
248 2800 340 2835 annum
352 2787 430 2837 Urbia
441 2802 523 2837 exurr.
546 2789 598 2838 Sed
608 2789 665 2839 ride
677 2791 729 2840 No·
771 2809 828 2844 nam
851 2793 987 2850 vocabant,
1003 2791 1083 2855 iuqnlt
1101 2791 1195 2838 Errreb.
1219 2786 1291 2836 Pre-

210 2869 250 2911 ιιι
262 2869 288 2912 et
299 2863 407 2912 Emend.
418 2877 486 2913 nom.
500 2869 539 2913 tt.
770 2885 824 2931 par.
836 2869 933 2929 Erang.
950 2866 994 2914 lib.
1005 2880 1025 2915 ι.
1044 2879 1102 2929 pag.
1110 2865 1194 2912 πώ
1203 2862 1292 2911 Mater

241 2945 252 2971 '
272 2939 305 2987 Ut
322 2940 392 2987 eatur
409 2938 488 3001 lirim]
508 2941 565 2988 Nee
576 2945 662 2988 iernen
677 2945 731 2990 toto
771 2946 856 2992 Deum
875 2941 942 3006 epod
959 2941 1085 2990 Romanoa
1097 2940 1196 2988 Nature
1207 2950 1292 2985 rerum

210 3027 286 3063 curru
297 3027 353 3075 eno,
364 3014 408 3062 reit
418 3027 475 3062 euro
486 3012 615 3062 minimam
626 3013 733 3064 diatreta
772 3018 812 3066 ret
824 3032 871 3080 per
889 3031 927 3076 ee,
946 3015 986 3063 vel
1003 3013 1167 3078 pervenerit
1183 3011 1293 3074 atellam,

211 3094 287 3150 terra,
304 3088 392 3136 venne
410 3087 525 3137 umbram
544 3087 640 3151 efficit3
657 3105 731 3154 quam
770 3091 843 3154 eujus
858 3089 964 3139 miritica
983 3089 1099 3154 quedem
1117 3090 1153 3135 vir
1164 3095 1212 3141 eet,
1223 3101 1293 3148 mag-

212 3177 335 3227 noeeaepe
349 3165 441 3213 Lunari
450 3163 532 3213 ferme
548 3179 634 3227 perenn
647 3167 732 3216 mirati
771 3181 817 3216 noa
837 3167 1003 3227 erectiorque
1030 3165 1125 3212 animoa
1147 3163 1294 3210 existimata

211 3251 306 3288 minua.
338 3240 467 3302 Keplerrrr
478 3241 503 3288 in
515 3239 628 3302 Opticie,
640 3255 666 3304 p.
676 3245 733 3290 263.
773 3245 886 3306 gignere,
908 3240 995 3303 quater
1013 3245 1073 3287 eunt
1093 3239 1228 3299 Principe·
1246 3237 1294 3283 riri

212 3313 335 3362 dirtiucta
351 3315 445 3362 lumina
460 3315 486 3361 in
505 3315 603 3375 pariete
615 3317 735 3365 neeriae
774 3335 803 3369 ec
824 3318 952 3378 firmium
974 3317 1018 3366 eed
1035 3315 1149 3364 tremine
1172 3313 1295 3376 inprimis.

212 3395 330 3449 tentatur,
341 3403 391 3437 non
402 3389 510 3438 Venerit
529 3388 614 3445 morlo,
631 3387 677 3438 red
688 3389 734 3439 Jo·
775 3393 947 3444 Quamobrem
962 3397 989 3438 et
1006 3388 1111 3437 eundem
1129 3389 1178 3443 alii,
1199 3395 1227 3435 nt
1245 3387 1294 3435 lme

213 3465 261 3526 vlt.
281 3473 309 3512 0¹
330 3463 432 3527 spiere:
450 3462 518 3527 quod
540 3470 568 3512 el
586 3478 638 3519 ¹³⁰⁸,
652 3463 736 3528 inquit
776 3471 831 3518 ioco
850 3465 949 3514 Plinius
970 3463 1016 3526 ait,
1032 3462 1197 3525 appellavere
1214 3460 1296 3510 Jrrno·

212 3539 342 3589 Riceiolnr
361 3542 387 3588 in
399 3537 500 3601 tilmag.
514 3545 576 3587 torn.
594 3552 613 3588 t.
629 3539 673 3588 lib.
686 3553 734 3588 ιιι.
773 3556 845 3591 nem:
863 3541 896 3588 rie
907 3553 955 3604 qne
964 3539 1022 3587 ride
1031 3553 1085 3602 quie
1097 3551 1178 3600 nuper
1187 3537 1296 3584 diximus

214 3623 278 3665 nect.
295 3619 318 3662 t.
335 3629 359 3663 e.
375 3619 399 3663 7.
415 3617 472 3663 not.
483 3627 533 3663 non
544 3615 623 3663 semel
634 3615 659 3664 ln
670 3614 735 3665 Jove
776 3616 808 3665 ael
820 3610 1046 3664 ilornerilliedam.
1061 3611 1102 3660 De
1110 3611 1195 3660 Matre
1203 3611 1297 3670 Deum,

214 3695 242 3738 et
253 3689 381 3738 Mercurio
393 3691 509 3738 vidimus.
774 3705 832 3754 ane
851 3695 878 3737 et
899 3688 986 3737 Mater
1007 3687 1112 3748 Magna,
1133 3686 1297 3748 praeteragit

247 3761 489 3822 aureorumque.
511 3765 555 3813 lib.
573 3765 607 3814 de
629 3763 736 3825 Montio,
776 3768 883 3828 Plinius,
903 3765 964 3814 tocie
984 3779 1016 3813 ex
1034 3763 1124 3812 lnrlice
1140 3763 1296 3824 repetendis.

215 3841 412 3901 eap.2·p.otlt.
429 3838 525 3900 Hygin.
536 3841 562 3888 in
574 3827 678 3889 Antron.
690 3839 735 3889 tib·
775 3844 807 3893 la
830 3842 938 3892 nummis
961 3840 1070 3903 antiquie
1099 3839 1192 3886 turrito
1212 3838 1296 3899 capite

215 3930 246 3966 ιι.
258 3931 283 3978 p.
293 3919 334 3964 76.
350 3923 378 3962 et
389 3913 513 3975 Apuleius
527 3915 570 3964 lib.
584 3915 617 3963 rle
628 3915 736 3974 Mundo,
776 3917 891 3980 pingitur
903 3931 910 3975 ;
927 3929 983 3963 nem
1004 3923 1114 3961 rientem
1133 3911 1221 3972 injecit
1237 3925 1298 3958 conr

216 4005 275 4054 pag.
288 3993 344 4038 lit.
366 3987 462 4049 Lepide
473 3987 580 4049 annue
590 3988 737 4048 Civitllei,
777 3992 854 4040 denili
873 3991 1001 4048 civitatee,
1012 3988 1099 4052 qnibne
1112 3987 1159 4034 riri
1172 3995 1198 4034 et
1216 3984 1298 4035 l'remi'·

216 4081 267 4115 uri.
290 4071 330 4114 tt.
355 4061 520 4114 ‘Lneit'ernm
546 4064 613 4112 enirn
635 4064 737 4128 quidem
777 4082 816 4115 rire
844 4066 971 4129 principer
1001 4065 1136 4125 imperant.
1167 4062 1216 4109 Vel
1243 4063 1298 4124 ipae

218 4139 445 4204 Venerie,qrridam
455 4139 607 4188 dieunteate
615 4139 736 4191 Juuonia:
776 4140 870 4190 deinde
882 4141 947 4188 leoni
957 4137 1058 4197 inridet,
1067 4138 1106 4185 rel
1116 4137 1212 4198 pictam
1220 4137 1298 4198 juxta

218 4217 274 4280 aeri,
296 4227 324 4266 ut
345 4218 420 4280 tolet,
438 4216 526 4266 Venor
549 4215 647 4266 vineit:
679 4231 736 4266 nam
777 4231 804 4266 re
820 4227 896 4264 uuam
913 4213 999 4276 trahet,
1016 4219 1060 4261 rut
1077 4213 1179 4276 ploret:
1198 4211 1300 4274 nymno-
