<?xml version="1.0" encoding="UTF-8"?>
<!DOCTYPE html PUBLIC "-//W3C//DTD XHTML 1.0 Transitional//EN"
    "http://www.w3.org/TR/xhtml1/DTD/xhtml1-transitional.dtd">
<html xmlns="http://www.w3.org/1999/xhtml" xml:lang="en" lang="en">
 <head>
  <title>
</title>
<meta http-equiv="Content-Type" content="text/html;charset=utf-8" />
  <meta name='ocr-system' content='tesseract 3.04.00' />
  <meta name='ocr-capabilities' content='ocr_page ocr_carea ocr_par ocr_line ocrx_word'/>
</head>
<body>
  <div class='ocr_page' id='page_1' title='image "./cpliniisecundin09brotgoog_0103.png"; bbox 0 0 3006 4874; ppageno 0'>
   <div class='ocr_carea' id='block_1_1' title="bbox 265 391 1020 456">
    <p class='ocr_par' dir='ltr' id='par_1_1' title="bbox 265 391 1020 456">
     <span class='ocr_line' id='line_1_1' title="bbox 265 391 1020 456; baseline 0 -2"><span class='ocrx_word' id='word_1_1' title='bbox 265 391 309 454; x_wconf 84' lang='grc'><strong>90</strong></span> <span class='ocrx_word' id='word_1_2' title='bbox 609 406 657 455; x_wconf 88' lang='lat' dir='ltr'><strong>nn</strong></span> <span class='ocrx_word' id='word_1_3' title='bbox 679 406 712 454; x_wconf 87' lang='lat' dir='ltr'><strong>c.</strong></span> <span class='ocrx_word' id='word_1_4' title='bbox 735 403 854 454; x_wconf 81' lang='lat' dir='ltr'><strong>enrnrr</strong></span> <span class='ocrx_word' id='word_1_5' title='bbox 879 403 1020 456; x_wconf 76' lang='lat' dir='ltr'><strong>aarum</strong></span> 
     </span>
    </p>
   </div>
   <div class='ocr_carea' id='block_1_2' title="bbox 265 545 1361 4265">
    <p class='ocr_par' dir='ltr' id='par_1_2' title="bbox 265 545 1357 2248">
     <span class='ocr_line' id='line_1_2' title="bbox 265 545 1349 633; baseline 0 -19"><span class='ocrx_word' id='word_1_6' title='bbox 265 557 341 614; x_wconf 85' lang='lat' dir='ltr'><strong>tore</strong></span> <span class='ocrx_word' id='word_1_7' title='bbox 355 550 579 631; x_wconf 79' lang='lat' dir='ltr'><strong>gubernatam,</strong></span> <span class='ocrx_word' id='word_1_8' title='bbox 589 557 646 616; x_wconf 90' lang='lat' dir='ltr'><strong>aut</strong></span> <span class='ocrx_word' id='word_1_9' title='bbox 659 569 726 633; x_wconf 90' lang='lat' dir='ltr'><strong>qno</strong></span> <span class='ocrx_word' id='word_1_10' title='bbox 742 549 842 614; x_wconf 90' lang='lat' dir='ltr'><strong>modo</strong></span> <span class='ocrx_word' id='word_1_11' title='bbox 858 550 1047 626; x_wconf 77' lang='lat' dir='ltr'>Firmanus,</span> <span class='ocrx_word' id='word_1_12' title='bbox 1061 551 1126 627; x_wconf 88' lang='lat' dir='ltr'><strong>vel,</strong></span> <span class='ocrx_word' id='word_1_13' title='bbox 1138 557 1175 614; x_wconf 92' lang='lat' dir='ltr'><strong>nt</strong></span> <span class='ocrx_word' id='word_1_14' title='bbox 1187 549 1255 626; x_wconf 89' lang='lat' dir='ltr'><strong>alii,</strong></span> <span class='ocrx_word' id='word_1_15' title='bbox 1268 545 1349 614; x_wconf 85' lang='lat' dir='ltr'><strong>For-</strong></span> 
     </span>
     <span class='ocr_line' id='line_1_3' title="bbox 267 648 1349 734; baseline -0.001 -20"><span class='ocrx_word' id='word_1_16' title='bbox 267 651 396 714; x_wconf 86' lang='lat' dir='ltr'><strong>mianos</strong></span> <span class='ocrx_word' id='word_1_17' title='bbox 415 648 536 714; x_wconf 86' lang='lat' dir='ltr'><strong>‘snos’</strong></span> <span class='ocrx_word' id='word_1_18' title='bbox 551 650 684 715; x_wconf 83' lang='lat' dir='ltr'><strong>Plinius</strong></span> <span class='ocrx_word' id='word_1_19' title='bbox 694 650 717 716; x_wconf 86' lang='lat' dir='ltr'>J</span> <span class='ocrx_word' id='word_1_20' title='bbox 721 651 815 714; x_wconf 87' lang='lat' dir='ltr'><strong>unior</strong></span> <span class='ocrx_word' id='word_1_21' title='bbox 825 651 866 715; x_wconf 89' lang='lat' dir='ltr'><strong>nd</strong></span> <span class='ocrx_word' id='word_1_22' title='bbox 879 651 1040 714; x_wconf 89' lang='lat' dir='ltr'><strong>Sabinum</strong></span> <span class='ocrx_word' id='word_1_23' title='bbox 1055 651 1230 734; x_wconf 88' lang='lat' dir='ltr'><strong>patrocinii</strong></span> <span class='ocrx_word' id='word_1_24' title='bbox 1245 669 1349 714; x_wconf 85' lang='lat' dir='ltr'><strong>cansa</strong></span> 
     </span>
     <span class='ocr_line' id='line_1_4' title="bbox 268 749 1350 835; baseline 0.001 -22"><span class='ocrx_word' id='word_1_25' title='bbox 268 751 458 835; x_wconf 86' lang='lat' dir='ltr'><strong>appellavit,</strong></span> <span class='ocrx_word' id='word_1_26' title='bbox 488 758 524 815; x_wconf 91' lang='lat' dir='ltr'><strong>et</strong></span> <span class='ocrx_word' id='word_1_27' title='bbox 549 753 705 817; x_wconf 75' lang='lat' dir='ltr'><strong>amicitiae</strong></span> <span class='ocrx_word' id='word_1_28' title='bbox 734 752 864 815; x_wconf 89' lang='lat' dir='ltr'><strong>nornine</strong></span> <span class='ocrx_word' id='word_1_29' title='bbox 890 749 1131 828; x_wconf 75' lang='lat' dir='ltr'><strong>Quintilianum</strong></span> <span class='ocrx_word' id='word_1_30' title='bbox 1163 751 1350 833; x_wconf 88' lang='lat' dir='ltr'><strong>Hispanum</strong></span> 
     </span>
     <span class='ocr_line' id='line_1_5' title="bbox 268 841 1351 933; baseline -0.002 -17"><span class='ocrx_word' id='word_1_31' title='bbox 268 850 393 916; x_wconf 63' lang='lat' dir='ltr'><strong>‘snum’</strong></span> <span class='ocrx_word' id='word_1_32' title='bbox 408 853 631 929; x_wconf 73' lang='lat' dir='ltr'><strong>dixiteadem</strong></span> <span class='ocrx_word' id='word_1_33' title='bbox 644 851 809 917; x_wconf 89' lang='lat' dir='ltr'><strong>scribendi</strong></span> <span class='ocrx_word' id='word_1_34' title='bbox 819 841 932 915; x_wconf 85' lang='lat' dir='ltr'><strong>norma</strong></span> <span class='ocrx_word' id='word_1_35' title='bbox 945 871 1024 916; x_wconf 88' lang='lat' dir='ltr'><strong>usus</strong></span> <span class='ocrx_word' id='word_1_36' title='bbox 1035 853 1070 915; x_wconf 92' lang='lat' dir='ltr'><strong>in</strong></span> <span class='ocrx_word' id='word_1_37' title='bbox 1079 852 1231 915; x_wconf 88' lang='lat' dir='ltr'><strong>omnibus</strong></span> <span class='ocrx_word' id='word_1_38' title='bbox 1247 869 1351 933; x_wconf 89' lang='lat' dir='ltr'><strong>prope</strong></span> 
     </span>
     <span class='ocr_line' id='line_1_6' title="bbox 268 951 1352 1036; baseline -0.002 -20"><span class='ocrx_word' id='word_1_39' title='bbox 268 952 1056 1036; x_wconf 86' lang='lat' dir='ltr'><strong>EpistolissimiliratiouecumVeronensas‚tum</strong></span> <span class='ocrx_word' id='word_1_40' title='bbox 1065 951 1352 1018; x_wconf 84' lang='lat' dir='ltr'><strong>Catullnm‘suos’</strong></span> 
     </span>
     <span class='ocr_line' id='line_1_7' title="bbox 267 1053 1352 1138; baseline -0.003 -19"><span class='ocrx_word' id='word_1_41' title='bbox 267 1057 438 1121; x_wconf 89' lang='lat' dir='ltr'><strong>nominare</strong></span> <span class='ocrx_word' id='word_1_42' title='bbox 451 1057 574 1138; x_wconf 84' lang='lat' dir='ltr'><strong>potuit.</strong></span> <span class='ocrx_word' id='word_1_43' title='bbox 604 1054 678 1119; x_wconf 91' lang='lat' dir='ltr'><strong>Nec</strong></span> <span class='ocrx_word' id='word_1_44' title='bbox 693 1060 754 1133; x_wconf 91' lang='lat' dir='ltr'><strong>est,</strong></span> <span class='ocrx_word' id='word_1_45' title='bbox 767 1061 806 1118; x_wconf 92' lang='lat' dir='ltr'><strong>ut</strong></span> <span class='ocrx_word' id='word_1_46' title='bbox 820 1056 995 1137; x_wconf 88' lang='lat' dir='ltr'><strong>quisquam</strong></span> <span class='ocrx_word' id='word_1_47' title='bbox 1010 1053 1230 1135; x_wconf 88' lang='lat' dir='ltr'><strong>objectionem</strong></span> <span class='ocrx_word' id='word_1_48' title='bbox 1244 1072 1352 1116; x_wconf 87' lang='lat' dir='ltr'><strong>meam</strong></span> 
     </span>
     <span class='ocr_line' id='line_1_8' title="bbox 268 1154 1353 1240; baseline -0.004 -20"><span class='ocrx_word' id='word_1_49' title='bbox 268 1156 310 1221; x_wconf 88' lang='lat' dir='ltr'><strong>de</strong></span> <span class='ocrx_word' id='word_1_50' title='bbox 326 1156 460 1222; x_wconf 90' lang='lat' dir='ltr'><strong>Catullo</strong></span> <span class='ocrx_word' id='word_1_51' title='bbox 475 1156 736 1240; x_wconf 82' lang='lat' dir='ltr'><strong>Transpadanos</strong></span> <span class='ocrx_word' id='word_1_52' title='bbox 752 1159 763 1190; x_wconf 87' lang='lat'>‘</span> <span class='ocrx_word' id='word_1_53' title='bbox 776 1155 875 1220; x_wconf 86' lang='lat' dir='ltr'><strong>snos&#39;</strong></span> <span class='ocrx_word' id='word_1_54' title='bbox 896 1154 1088 1237; x_wconf 79' lang='lat' dir='ltr'><strong>appellante</strong></span> <span class='ocrx_word' id='word_1_55' title='bbox 1103 1154 1206 1218; x_wconf 81' lang='lat' dir='ltr'><strong>simili</strong></span> <span class='ocrx_word' id='word_1_56' title='bbox 1219 1173 1353 1236; x_wconf 90' lang='lat' dir='ltr'><strong>respon-</strong></span> 
     </span>
     <span class='ocr_line' id='line_1_9' title="bbox 269 1253 1354 1340; baseline -0.002 -22"><span class='ocrx_word' id='word_1_57' title='bbox 269 1256 363 1320; x_wconf 84' lang='lat' dir='ltr'><strong>sione</strong></span> <span class='ocrx_word' id='word_1_58' title='bbox 378 1255 565 1320; x_wconf 89' lang='lat' dir='ltr'><strong>diluendam</strong></span> <span class='ocrx_word' id='word_1_59' title='bbox 577 1261 680 1340; x_wconf 88' lang='lat' dir='ltr'><strong>putet.</strong></span> <span class='ocrx_word' id='word_1_60' title='bbox 711 1254 821 1319; x_wconf 88' lang='lat' dir='ltr'><strong>Nemo</strong></span> <span class='ocrx_word' id='word_1_61' title='bbox 831 1257 919 1319; x_wconf 90' lang='lat' dir='ltr'><strong>enirn</strong></span> <span class='ocrx_word' id='word_1_62' title='bbox 931 1274 1053 1319; x_wconf 88' lang='lat' dir='ltr'><strong>causas</strong></span> <span class='ocrx_word' id='word_1_63' title='bbox 1063 1256 1172 1336; x_wconf 82' lang='lat' dir='ltr'><strong>egisse</strong></span> <span class='ocrx_word' id='word_1_64' title='bbox 1187 1253 1354 1318; x_wconf 86' lang='lat' dir='ltr'><strong>Catullum</strong></span> 
     </span>
     <span class='ocr_line' id='line_1_10' title="bbox 268 1345 1354 1440; baseline -0.004 -20"><span class='ocrx_word' id='word_1_65' title='bbox 268 1357 423 1439; x_wconf 84' lang='lat' dir='ltr'><strong>prodidit,</strong></span> <span class='ocrx_word' id='word_1_66' title='bbox 443 1363 478 1422; x_wconf 88' lang='lat' dir='ltr'><strong>nt</strong></span> <span class='ocrx_word' id='word_1_67' title='bbox 492 1357 668 1440; x_wconf 88' lang='lat' dir='ltr'><strong>patrocinii</strong></span> <span class='ocrx_word' id='word_1_68' title='bbox 683 1355 863 1439; x_wconf 89' lang='lat' dir='ltr'><strong>aliqnando</strong></span> <span class='ocrx_word' id='word_1_69' title='bbox 874 1354 1187 1438; x_wconf 83' lang='lat' dir='ltr'><strong>Transpadanorum</strong></span> <span class='ocrx_word' id='word_1_70' title='bbox 1204 1345 1354 1436; x_wconf 88' lang='lat' dir='ltr'><strong>suscepti</strong></span> 
     </span>
     <span class='ocr_line' id='line_1_11' title="bbox 270 1455 1355 1540; baseline -0.003 -19"><span class='ocrx_word' id='word_1_71' title='bbox 270 1475 370 1521; x_wconf 88' lang='lat' dir='ltr'><strong>causa</strong></span> <span class='ocrx_word' id='word_1_72' title='bbox 382 1456 498 1520; x_wconf 87' lang='lat' dir='ltr'><strong>‘snos&#39;</strong></span> <span class='ocrx_word' id='word_1_73' title='bbox 514 1455 624 1520; x_wconf 90' lang='lat' dir='ltr'><strong>dicere</strong></span> <span class='ocrx_word' id='word_1_74' title='bbox 638 1458 800 1540; x_wconf 83' lang='lat' dir='ltr'><strong>potuerit3</strong></span> <span class='ocrx_word' id='word_1_75' title='bbox 817 1457 1028 1520; x_wconf 86' lang='lat' dir='ltr'><strong>amicosvero</strong></span> <span class='ocrx_word' id='word_1_76' title='bbox 1042 1457 1219 1540; x_wconf 87' lang='lat' dir='ltr'><strong>plerosque</strong></span> <span class='ocrx_word' id='word_1_77' title='bbox 1234 1455 1355 1518; x_wconf 79' lang='lat' dir='ltr'><strong>Trans·</strong></span> 
     </span>
     <span class='ocr_line' id='line_1_12' title="bbox 269 1555 1355 1642; baseline -0.004 -19"><span class='ocrx_word' id='word_1_78' title='bbox 269 1557 422 1642; x_wconf 86' lang='lat' dir='ltr'><strong>padanos</strong></span> <span class='ocrx_word' id='word_1_79' title='bbox 432 1558 598 1636; x_wconf 89' lang='lat' dir='ltr'><strong>babuisse,</strong></span> <span class='ocrx_word' id='word_1_80' title='bbox 609 1559 658 1622; x_wconf 90' lang='lat' dir='ltr'><strong>uti</strong></span> <span class='ocrx_word' id='word_1_81' title='bbox 675 1557 882 1622; x_wconf 87' lang='lat' dir='ltr'><strong>Veronenses</strong></span> <span class='ocrx_word' id='word_1_82' title='bbox 897 1557 1072 1640; x_wconf 88' lang='lat' dir='ltr'><strong>plerosque</strong></span> <span class='ocrx_word' id='word_1_83' title='bbox 1086 1556 1219 1620; x_wconf 89' lang='lat' dir='ltr'><strong>Plinius</strong></span> <span class='ocrx_word' id='word_1_84' title='bbox 1234 1555 1257 1621; x_wconf 87' lang='lat' dir='ltr'>J</span> <span class='ocrx_word' id='word_1_85' title='bbox 1260 1557 1355 1619; x_wconf 91' lang='lat' dir='ltr'><strong>unior</strong></span> 
     </span>
     <span class='ocr_line' id='line_1_13' title="bbox 270 1653 1353 1744; baseline -0.005 -20"><span class='ocrx_word' id='word_1_86' title='bbox 270 1660 336 1725; x_wconf 87' lang='lat' dir='ltr'><strong>sibi</strong></span> <span class='ocrx_word' id='word_1_87' title='bbox 352 1661 500 1725; x_wconf 85' lang='lat' dir='ltr'><strong>amicitia</strong></span> <span class='ocrx_word' id='word_1_88' title='bbox 514 1660 708 1744; x_wconf 88' lang='lat' dir='ltr'><strong>conjunctos</strong></span> <span class='ocrx_word' id='word_1_89' title='bbox 718 1659 839 1722; x_wconf 87' lang='lat' dir='ltr'><strong>babere</strong></span> <span class='ocrx_word' id='word_1_90' title='bbox 853 1659 973 1740; x_wconf 89' lang='lat' dir='ltr'><strong>potuit,</strong></span> <span class='ocrx_word' id='word_1_91' title='bbox 996 1658 1031 1722; x_wconf 92' lang='lat' dir='ltr'><strong>id</strong></span> <span class='ocrx_word' id='word_1_92' title='bbox 1050 1661 1185 1741; x_wconf 80' lang='lat' dir='ltr'><strong>quoqne</strong></span> <span class='ocrx_word' id='word_1_93' title='bbox 1200 1657 1288 1720; x_wconf 83' lang='lat' dir='ltr'><strong>baud</strong></span> <span class='ocrx_word' id='word_1_94' title='bbox 1300 1653 1353 1720; x_wconf 70' lang='grc' dir='ltr'><strong>’ἰαὶ</strong></span> 
     </span>
     <span class='ocr_line' id='line_1_14' title="bbox 270 1759 1357 1844; baseline -0.003 -20"><span class='ocrx_word' id='word_1_95' title='bbox 270 1761 343 1838; x_wconf 86' lang='lat' dir='ltr'><strong>uile,</strong></span> <span class='ocrx_word' id='word_1_96' title='bbox 363 1768 400 1824; x_wconf 90' lang='lat' dir='ltr'><strong>ut</strong></span> <span class='ocrx_word' id='word_1_97' title='bbox 414 1762 590 1825; x_wconf 83' lang='lat' dir='ltr'><strong>verisimile</strong></span> <span class='ocrx_word' id='word_1_98' title='bbox 604 1759 780 1844; x_wconf 88' lang='lat' dir='ltr'><strong>plerosque</strong></span> <span class='ocrx_word' id='word_1_99' title='bbox 797 1778 910 1823; x_wconf 88' lang='lat' dir='ltr'><strong>omnes</strong></span> <span class='ocrx_word' id='word_1_100' title='bbox 924 1759 994 1824; x_wconf 81' lang='lat' dir='ltr'><strong>lore</strong></span> <span class='ocrx_word' id='word_1_101' title='bbox 1010 1759 1225 1836; x_wconf 88' lang='lat' dir='ltr'><strong>admissuros,</strong></span> <span class='ocrx_word' id='word_1_102' title='bbox 1240 1759 1357 1822; x_wconf 86' lang='lat' dir='ltr'><strong>existi·</strong></span> 
     </span>
     <span class='ocr_line' id='line_1_15' title="bbox 270 1859 1356 1944; baseline 0.001 -20"><span class='ocrx_word' id='word_1_103' title='bbox 270 1879 337 1925; x_wconf 89' lang='lat' dir='ltr'><strong>mo.</strong></span> <span class='ocrx_word' id='word_1_104' title='bbox 382 1862 539 1927; x_wconf 87' lang='lat' dir='ltr'><strong>Patronis</strong></span> <span class='ocrx_word' id='word_1_105' title='bbox 565 1868 673 1927; x_wconf 90' lang='lat' dir='ltr'><strong>autem</strong></span> <span class='ocrx_word' id='word_1_106' title='bbox 700 1880 772 1926; x_wconf 77' lang='lat' dir='ltr'><strong>suaa</strong></span> <span class='ocrx_word' id='word_1_107' title='bbox 798 1880 923 1938; x_wconf 75' lang='lat' dir='ltr'><strong>causae,</strong></span> <span class='ocrx_word' id='word_1_108' title='bbox 946 1880 1033 1944; x_wconf 89' lang='lat' dir='ltr'><strong>qnos</strong></span> <span class='ocrx_word' id='word_1_109' title='bbox 1048 1859 1356 1944; x_wconf 88' lang='lat' dir='ltr'><strong>plurimosprotnlit</strong></span> 
     </span>
     <span class='ocr_line' id='line_1_16' title="bbox 271 1960 1355 2044; baseline 0.001 -19"><span class='ocrx_word' id='word_1_110' title='bbox 271 1960 453 2040; x_wconf 83' lang='lat' dir='ltr'><strong>Pentheus,</strong></span> <span class='ocrx_word' id='word_1_111' title='bbox 473 1983 547 2027; x_wconf 88' lang='lat' dir='ltr'><strong>cnm</strong></span> <span class='ocrx_word' id='word_1_112' title='bbox 570 1964 605 2026; x_wconf 92' lang='lat' dir='ltr'><strong>in</strong></span> <span class='ocrx_word' id='word_1_113' title='bbox 633 1964 730 2026; x_wconf 91' lang='lat' dir='ltr'><strong>unius</strong></span> <span class='ocrx_word' id='word_1_114' title='bbox 750 1963 844 2026; x_wconf 83' lang='lat' dir='ltr'><strong>verbi</strong></span> <span class='ocrx_word' id='word_1_115' title='bbox 868 1962 1147 2027; x_wconf 81' lang='lat' dir='ltr'><strong>‘conterraneus&#39;</strong></span> <span class='ocrx_word' id='word_1_116' title='bbox 1165 1961 1355 2044; x_wconf 79' lang='lat' dir='ltr'><strong>significatu</strong></span> 
     </span>
     <span class='ocr_line' id='line_1_17' title="bbox 271 2063 1356 2147; baseline 0.003 -22"><span class='ocrx_word' id='word_1_117' title='bbox 271 2081 342 2126; x_wconf 87' lang='lat' dir='ltr'><strong>snae</strong></span> <span class='ocrx_word' id='word_1_118' title='bbox 357 2063 406 2128; x_wconf 92' lang='lat' dir='ltr'><strong>illi</strong></span> <span class='ocrx_word' id='word_1_119' title='bbox 416 2063 581 2147; x_wconf 88' lang='lat' dir='ltr'><strong>opinionis</strong></span> <span class='ocrx_word' id='word_1_120' title='bbox 596 2064 813 2130; x_wconf 77' lang='lat' dir='ltr'><strong>fundamenta</strong></span> <span class='ocrx_word' id='word_1_121' title='bbox 828 2063 1073 2142; x_wconf 84' lang='lat' dir='ltr'><strong>collocaverint,</strong></span> <span class='ocrx_word' id='word_1_122' title='bbox 1088 2081 1132 2127; x_wconf 84' lang='lat' dir='ltr'><strong>ex</strong></span> <span class='ocrx_word' id='word_1_123' title='bbox 1146 2063 1200 2140; x_wconf 89' lang='lat' dir='ltr'><strong>iis,</strong></span> <span class='ocrx_word' id='word_1_124' title='bbox 1213 2083 1291 2147; x_wconf 81' lang='lat' dir='ltr'><strong>quse</strong></span> <span class='ocrx_word' id='word_1_125' title='bbox 1313 2064 1356 2128; x_wconf 88' lang='lat' dir='ltr'><strong>da</strong></span> 
     </span>
     <span class='ocr_line' id='line_1_18' title="bbox 270 2162 1058 2248; baseline 0.004 -22"><span class='ocrx_word' id='word_1_126' title='bbox 270 2181 311 2226; x_wconf 88' lang='lat' dir='ltr'><strong>eo</strong></span> <span class='ocrx_word' id='word_1_127' title='bbox 317 2163 514 2247; x_wconf 88' lang='lat' dir='ltr'><strong>jampridem</strong></span> <span class='ocrx_word' id='word_1_128' title='bbox 527 2166 684 2241; x_wconf 84' lang='lat' dir='ltr'><strong>diximus,</strong></span> <span class='ocrx_word' id='word_1_129' title='bbox 695 2165 866 2248; x_wconf 87' lang='lat' dir='ltr'><strong>responsio</strong></span> <span class='ocrx_word' id='word_1_130' title='bbox 878 2162 988 2228; x_wconf 81' lang='lat' dir='ltr'><strong>facilis</strong></span> <span class='ocrx_word' id='word_1_131' title='bbox 997 2170 1058 2229; x_wconf 88' lang='lat' dir='ltr'><strong>est.</strong></span> 
     </span>
    </p>

    <p class='ocr_par' dir='ltr' id='par_1_3' title="bbox 271 2264 1361 4265">
     <span class='ocr_line' id='line_1_19' title="bbox 315 2264 1357 2350; baseline 0 -20"><span class='ocrx_word' id='word_1_132' title='bbox 315 2264 501 2350; x_wconf 89' lang='lat' dir='ltr'><strong>Reliquum</strong></span> <span class='ocrx_word' id='word_1_133' title='bbox 520 2275 582 2341; x_wconf 88' lang='lat' dir='ltr'><strong>est,</strong></span> <span class='ocrx_word' id='word_1_134' title='bbox 609 2273 644 2332; x_wconf 93' lang='lat' dir='ltr'><strong>ut</strong></span> <span class='ocrx_word' id='word_1_135' title='bbox 665 2266 812 2331; x_wconf 90' lang='lat' dir='ltr'><strong>Plinium</strong></span> <span class='ocrx_word' id='word_1_136' title='bbox 837 2265 1007 2330; x_wconf 86' lang='lat' dir='ltr'><strong>Seniorem</strong></span> <span class='ocrx_word' id='word_1_137' title='bbox 1033 2265 1125 2329; x_wconf 93' lang='lat' dir='ltr'><strong>nullo</strong></span> <span class='ocrx_word' id='word_1_138' title='bbox 1139 2266 1357 2348; x_wconf 84' lang='lat' dir='ltr'><strong>pactolnisse</strong></span> 
     </span>
     <span class='ocr_line' id='line_1_20' title="bbox 271 2365 1357 2450; baseline 0.001 -21"><span class='ocrx_word' id='word_1_139' title='bbox 271 2365 499 2433; x_wconf 80' lang='lat' dir='ltr'><strong>veronensem</strong></span> <span class='ocrx_word' id='word_1_140' title='bbox 525 2368 714 2434; x_wconf 85' lang='lat' dir='ltr'><strong>firmissimo</strong></span> <span class='ocrx_word' id='word_1_141' title='bbox 742 2368 997 2450; x_wconf 86' lang='lat' dir='ltr'><strong>certissimoque</strong></span> <span class='ocrx_word' id='word_1_142' title='bbox 1024 2373 1218 2449; x_wconf 81' lang='lat' dir='ltr'><strong>argumento</strong></span> <span class='ocrx_word' id='word_1_143' title='bbox 1248 2375 1357 2431; x_wconf 90' lang='lat' dir='ltr'><strong>osten·</strong></span> 
     </span>
     <span class='ocr_line' id='line_1_21' title="bbox 272 2467 1356 2552; baseline -0.001 -20"><span class='ocrx_word' id='word_1_144' title='bbox 272 2468 365 2547; x_wconf 88' lang='lat' dir='ltr'><strong>dens,</strong></span> <span class='ocrx_word' id='word_1_145' title='bbox 380 2489 511 2534; x_wconf 87' lang='lat' dir='ltr'><strong>omnem</strong></span> <span class='ocrx_word' id='word_1_146' title='bbox 525 2470 704 2552; x_wconf 83' lang='lat' dir='ltr'><strong>praecidam</strong></span> <span class='ocrx_word' id='word_1_147' title='bbox 719 2468 891 2534; x_wconf 91' lang='lat' dir='ltr'><strong>dubitandi</strong></span> <span class='ocrx_word' id='word_1_148' title='bbox 900 2471 934 2532; x_wconf 91' lang='lat' dir='ltr'><strong>in</strong></span> <span class='ocrx_word' id='word_1_149' title='bbox 950 2474 1122 2552; x_wconf 88' lang='lat' dir='ltr'><strong>posterum</strong></span> <span class='ocrx_word' id='word_1_150' title='bbox 1134 2467 1356 2544; x_wconf 84' lang='lat' dir='ltr'><strong>occasionem,</strong></span> 
     </span>
     <span class='ocr_line' id='line_1_22' title="bbox 273 2568 1356 2651; baseline 0.001 -21"><span class='ocrx_word' id='word_1_151' title='bbox 273 2569 370 2651; x_wconf 86' lang='lat' dir='ltr'><strong>cujus</strong></span> <span class='ocrx_word' id='word_1_152' title='bbox 383 2589 488 2634; x_wconf 89' lang='lat' dir='ltr'><strong>cansa</strong></span> <span class='ocrx_word' id='word_1_153' title='bbox 500 2568 656 2634; x_wconf 90' lang='lat' dir='ltr'><strong>nonnulla</strong></span> <span class='ocrx_word' id='word_1_154' title='bbox 671 2569 763 2646; x_wconf 90' lang='lat' dir='ltr'><strong>mibi,</strong></span> <span class='ocrx_word' id='word_1_155' title='bbox 778 2575 889 2633; x_wconf 86' lang='lat' dir='ltr'><strong>vestra</strong></span> <span class='ocrx_word' id='word_1_156' title='bbox 901 2570 991 2634; x_wconf 88' lang='lat' dir='ltr'><strong>bona</strong></span> <span class='ocrx_word' id='word_1_157' title='bbox 1006 2575 1088 2634; x_wconf 87' lang='lat' dir='ltr'><strong>cum&#39;</strong></span> <span class='ocrx_word' id='word_1_158' title='bbox 1097 2569 1207 2646; x_wconf 85' lang='lat' dir='ltr'><strong>venia,</strong></span> <span class='ocrx_word' id='word_1_159' title='bbox 1224 2569 1356 2644; x_wconf 89' lang='lat' dir='ltr'><strong>Patres,</strong></span> 
     </span>
     <span class='ocr_line' id='line_1_23' title="bbox 272 2669 1358 2753; baseline -0.001 -18"><span class='ocrx_word' id='word_1_160' title='bbox 272 2671 368 2735; x_wconf 84' lang='lat' dir='ltr'><strong>vobis</strong></span> <span class='ocrx_word' id='word_1_161' title='bbox 393 2670 480 2734; x_wconf 92' lang='lat' dir='ltr'><strong>baud</strong></span> <span class='ocrx_word' id='word_1_162' title='bbox 496 2669 689 2752; x_wconf 91' lang='lat' dir='ltr'><strong>injucunda,</strong></span> <span class='ocrx_word' id='word_1_163' title='bbox 704 2669 864 2732; x_wconf 85' lang='lat' dir='ltr'><strong>studiosae</strong></span> <span class='ocrx_word' id='word_1_164' title='bbox 876 2689 956 2734; x_wconf 85' lang='lat' dir='ltr'><strong>vero</strong></span> <span class='ocrx_word' id='word_1_165' title='bbox 965 2670 1135 2753; x_wconf 79' lang='lat' dir='ltr'><strong>juventuti</strong></span> <span class='ocrx_word' id='word_1_166' title='bbox 1148 2669 1247 2733; x_wconf 86' lang='lat' dir='ltr'><strong>etiarn</strong></span> <span class='ocrx_word' id='word_1_167' title='bbox 1262 2672 1358 2736; x_wconf 87' lang='lat' dir='ltr'><strong>utilia</strong></span> 
     </span>
     <span class='ocr_line' id='line_1_24' title="bbox 272 2768 1359 2855; baseline -0.002 -19"><span class='ocrx_word' id='word_1_168' title='bbox 272 2771 375 2855; x_wconf 87' lang='lat' dir='ltr'><strong>paulo</strong></span> <span class='ocrx_word' id='word_1_169' title='bbox 391 2771 492 2836; x_wconf 88' lang='lat' dir='ltr'><strong>altius</strong></span> <span class='ocrx_word' id='word_1_170' title='bbox 506 2777 584 2834; x_wconf 89' lang='lat' dir='ltr'><strong>sunt</strong></span> <span class='ocrx_word' id='word_1_171' title='bbox 598 2770 632 2832; x_wconf 92' lang='lat' dir='ltr'><strong>in</strong></span> <span class='ocrx_word' id='word_1_172' title='bbox 647 2770 733 2833; x_wconf 92' lang='lat' dir='ltr'><strong>bunc</strong></span> <span class='ocrx_word' id='word_1_173' title='bbox 748 2769 882 2834; x_wconf 89' lang='lat' dir='ltr'><strong>modum</strong></span> <span class='ocrx_word' id='word_1_174' title='bbox 894 2771 1084 2853; x_wconf 90' lang='lat' dir='ltr'><strong>repetenda.</strong></span> <span class='ocrx_word' id='word_1_175' title='bbox 1121 2768 1280 2835; x_wconf 86' lang='lat' dir='ltr'><strong>Romana</strong></span> <span class='ocrx_word' id='word_1_176' title='bbox 1295 2770 1359 2834; x_wconf 83' lang='lat' dir='ltr'><strong>Re·</strong></span> 
     </span>
     <span class='ocr_line' id='line_1_25' title="bbox 273 2871 1358 2957; baseline 0 -21"><span class='ocrx_word' id='word_1_177' title='bbox 273 2871 419 2957; x_wconf 90' lang='lat' dir='ltr'><strong>publica,</strong></span> <span class='ocrx_word' id='word_1_178' title='bbox 430 2877 469 2935; x_wconf 92' lang='lat' dir='ltr'><strong>ut</strong></span> <span class='ocrx_word' id='word_1_179' title='bbox 478 2871 587 2946; x_wconf 88' lang='lat' dir='ltr'><strong>scitis,</strong></span> <span class='ocrx_word' id='word_1_180' title='bbox 600 2871 634 2934; x_wconf 92' lang='lat' dir='ltr'><strong>in</strong></span> <span class='ocrx_word' id='word_1_181' title='bbox 643 2871 774 2953; x_wconf 91' lang='lat' dir='ltr'><strong>aliquot</strong></span> <span class='ocrx_word' id='word_1_182' title='bbox 784 2871 906 2935; x_wconf 79' lang='lat' dir='ltr'><strong>Tribus</strong></span> <span class='ocrx_word' id='word_1_183' title='bbox 919 2871 1083 2948; x_wconf 85' lang='lat' dir='ltr'><strong>distincta,</strong></span> <span class='ocrx_word' id='word_1_184' title='bbox 1093 2872 1126 2935; x_wconf 93' lang='lat' dir='ltr'><strong>in</strong></span> <span class='ocrx_word' id='word_1_185' title='bbox 1137 2871 1259 2954; x_wconf 88' lang='lat' dir='ltr'><strong>quibus</strong></span> <span class='ocrx_word' id='word_1_186' title='bbox 1267 2873 1358 2936; x_wconf 82' lang='lat' dir='ltr'><strong>cives</strong></span> 
     </span>
     <span class='ocr_line' id='line_1_26' title="bbox 274 2970 1359 3054; baseline 0.002 -20"><span class='ocrx_word' id='word_1_187' title='bbox 274 2971 429 3054; x_wconf 82' lang='lat' dir='ltr'><strong>suffragia</strong></span> <span class='ocrx_word' id='word_1_188' title='bbox 455 2973 490 3034; x_wconf 92' lang='lat' dir='ltr'><strong>in</strong></span> <span class='ocrx_word' id='word_1_189' title='bbox 515 2972 767 3051; x_wconf 82' lang='lat' dir='ltr'><strong>magistratibus</strong></span> <span class='ocrx_word' id='word_1_190' title='bbox 788 2970 1002 3052; x_wconf 77' lang='lat' dir='ltr'><strong>designandis</strong></span> <span class='ocrx_word' id='word_1_191' title='bbox 1016 2972 1098 3036; x_wconf 85' lang='lat' dir='ltr'><strong>serra</strong></span> <span class='ocrx_word' id='word_1_192' title='bbox 1110 2977 1359 3049; x_wconf 81' lang='lat' dir='ltr'><strong>consueverant,</strong></span> 
     </span>
     <span class='ocr_line' id='line_1_27' title="bbox 273 3072 1358 3157; baseline 0.001 -20"><span class='ocrx_word' id='word_1_193' title='bbox 273 3074 306 3138; x_wconf 92' lang='lat' dir='ltr'><strong>in</strong></span> <span class='ocrx_word' id='word_1_194' title='bbox 322 3072 395 3136; x_wconf 89' lang='lat' dir='ltr'><strong>dies</strong></span> <span class='ocrx_word' id='word_1_195' title='bbox 411 3077 592 3146; x_wconf 85' lang='lat' dir='ltr'><strong>crescente,</strong></span> <span class='ocrx_word' id='word_1_196' title='bbox 608 3078 643 3135; x_wconf 91' lang='lat' dir='ltr'><strong>et</strong></span> <span class='ocrx_word' id='word_1_197' title='bbox 653 3091 761 3136; x_wconf 85' lang='lat' dir='ltr'><strong>novos</strong></span> <span class='ocrx_word' id='word_1_198' title='bbox 776 3073 869 3136; x_wconf 87' lang='lat' dir='ltr'><strong>cives</strong></span> <span class='ocrx_word' id='word_1_199' title='bbox 884 3073 1089 3150; x_wconf 87' lang='lat' dir='ltr'><strong>admittente,</strong></span> <span class='ocrx_word' id='word_1_200' title='bbox 1103 3090 1209 3136; x_wconf 85' lang='lat' dir='ltr'><strong>novas</strong></span> <span class='ocrx_word' id='word_1_201' title='bbox 1224 3091 1358 3157; x_wconf 91' lang='lat' dir='ltr'><strong>qnoque</strong></span> 
     </span>
     <span class='ocr_line' id='line_1_28' title="bbox 274 3172 1359 3257; baseline 0.001 -19"><span class='ocrx_word' id='word_1_202' title='bbox 274 3174 396 3238; x_wconf 87' lang='lat' dir='ltr'><strong>Tribus</strong></span> <span class='ocrx_word' id='word_1_203' title='bbox 411 3172 577 3256; x_wconf 88' lang='lat' dir='ltr'><strong>prioribus</strong></span> <span class='ocrx_word' id='word_1_204' title='bbox 593 3173 672 3236; x_wconf 93' lang='lat' dir='ltr'><strong>addi</strong></span> <span class='ocrx_word' id='word_1_205' title='bbox 686 3173 868 3257; x_wconf 88' lang='lat' dir='ltr'><strong>fuitoperae</strong></span> <span class='ocrx_word' id='word_1_206' title='bbox 877 3173 1070 3257; x_wconf 89' lang='lat' dir='ltr'><strong>pretium,in</strong></span> <span class='ocrx_word' id='word_1_207' title='bbox 1081 3191 1165 3256; x_wconf 89' lang='lat' dir='ltr'><strong>quas</strong></span> <span class='ocrx_word' id='word_1_208' title='bbox 1175 3173 1253 3237; x_wconf 82' lang='lat' dir='ltr'><strong>novi</strong></span> <span class='ocrx_word' id='word_1_209' title='bbox 1266 3175 1359 3239; x_wconf 85' lang='lat' dir='ltr'><strong>cives</strong></span> 
     </span>
     <span class='ocr_line' id='line_1_29' title="bbox 276 3273 1359 3360; baseline -0.001 -18"><span class='ocrx_word' id='word_1_210' title='bbox 276 3275 418 3360; x_wconf 91' lang='lat' dir='ltr'><strong>conjecti</strong></span> <span class='ocrx_word' id='word_1_211' title='bbox 440 3293 503 3339; x_wconf 88' lang='lat' dir='ltr'><strong>sua</strong></span> <span class='ocrx_word' id='word_1_212' title='bbox 521 3273 680 3356; x_wconf 75' lang='lat' dir='ltr'><strong>suffragia</strong></span> <span class='ocrx_word' id='word_1_213' title='bbox 694 3293 770 3338; x_wconf 92' lang='lat' dir='ltr'><strong>cum</strong></span> <span class='ocrx_word' id='word_1_214' title='bbox 786 3274 904 3340; x_wconf 89' lang='lat' dir='ltr'><strong>ceteris</strong></span> <span class='ocrx_word' id='word_1_215' title='bbox 920 3274 1051 3339; x_wconf 84' lang='lat' dir='ltr'><strong>civibus</strong></span> <span class='ocrx_word' id='word_1_216' title='bbox 1066 3275 1197 3351; x_wconf 78' lang='lat' dir='ltr'><strong>sonent,</strong></span> <span class='ocrx_word' id='word_1_217' title='bbox 1211 3276 1302 3359; x_wconf 84' lang='lat' dir='ltr'><strong>quod</strong></span> <span class='ocrx_word' id='word_1_218' title='bbox 1312 3283 1359 3342; x_wconf 84' lang='lat' dir='ltr'><strong>&#39;ex</strong></span> 
     </span>
     <span class='ocr_line' id='line_1_30' title="bbox 275 3375 1360 3443; baseline 0 -1"><span class='ocrx_word' id='word_1_219' title='bbox 275 3377 373 3442; x_wconf 82' lang='lat' dir='ltr'><strong>Livio</strong></span> <span class='ocrx_word' id='word_1_220' title='bbox 387 3381 507 3443; x_wconf 89' lang='lat' dir='ltr'><strong>octavo</strong></span> <span class='ocrx_word' id='word_1_221' title='bbox 518 3378 562 3441; x_wconf 90' lang='lat' dir='ltr'><strong>ab</strong></span> <span class='ocrx_word' id='word_1_222' title='bbox 580 3376 623 3441; x_wconf 88' lang='lat' dir='ltr'><strong>U.</strong></span> <span class='ocrx_word' id='word_1_223' title='bbox 640 3376 678 3442; x_wconf 84' lang='lat' dir='ltr'><strong>C.</strong></span> <span class='ocrx_word' id='word_1_224' title='bbox 706 3377 791 3440; x_wconf 90' lang='lat' dir='ltr'><strong>libro</strong></span> <span class='ocrx_word' id='word_1_225' title='bbox 814 3381 947 3441; x_wconf 91' lang='lat' dir='ltr'><strong>constat</strong></span> <span class='ocrx_word' id='word_1_226' title='bbox 969 3375 1153 3440; x_wconf 90' lang='lat' dir='ltr'><strong>scribente:</strong></span> <span class='ocrx_word' id='word_1_227' title='bbox 1176 3375 1295 3440; x_wconf 82' lang='lat' dir='ltr'><strong>‘Anno</strong></span> <span class='ocrx_word' id='word_1_228' title='bbox 1317 3377 1360 3442; x_wconf 89' lang='lat' dir='ltr'><strong>ab</strong></span> 
     </span>
     <span class='ocr_line' id='line_1_31' title="bbox 275 3475 1359 3542; baseline 0.001 -2"><span class='ocrx_word' id='word_1_229' title='bbox 275 3477 319 3540; x_wconf 88' lang='lat' dir='ltr'><strong>U.</strong></span> <span class='ocrx_word' id='word_1_230' title='bbox 335 3476 372 3541; x_wconf 87' lang='lat' dir='ltr'><strong>G.</strong></span> <span class='ocrx_word' id='word_1_231' title='bbox 393 3494 544 3541; x_wconf 85' lang='lat' dir='ltr'><strong>cnxxrr.</strong></span> <span class='ocrx_word' id='word_1_232' title='bbox 570 3478 728 3542; x_wconf 80' lang='lat' dir='ltr'><strong>Cornelio</strong></span> <span class='ocrx_word' id='word_1_233' title='bbox 752 3493 793 3540; x_wconf 89' lang='grc' dir='ltr'><strong>ιι.</strong></span> <span class='ocrx_word' id='word_1_234' title='bbox 818 3485 854 3542; x_wconf 88' lang='lat' dir='ltr'><strong>et</strong></span> <span class='ocrx_word' id='word_1_235' title='bbox 873 3477 932 3542; x_wconf 85' lang='lat' dir='ltr'><strong>Cn.</strong></span> <span class='ocrx_word' id='word_1_236' title='bbox 949 3477 1102 3542; x_wconf 89' lang='lat' dir='ltr'><strong>Domitio</strong></span> <span class='ocrx_word' id='word_1_237' title='bbox 1118 3476 1216 3541; x_wconf 86' lang='lat' dir='ltr'><strong>Coss.</strong></span> <span class='ocrx_word' id='word_1_238' title='bbox 1232 3475 1359 3542; x_wconf 83' lang='lat' dir='ltr'><strong>Census</strong></span> 
     </span>
     <span class='ocr_line' id='line_1_32' title="bbox 276 3577 1360 3663; baseline 0.002 -21"><span class='ocrx_word' id='word_1_239' title='bbox 276 3583 372 3642; x_wconf 84' lang='lat' dir='ltr'><strong>actus</strong></span> <span class='ocrx_word' id='word_1_240' title='bbox 386 3585 447 3654; x_wconf 85' lang='lat' dir='ltr'><strong>est,</strong></span> <span class='ocrx_word' id='word_1_241' title='bbox 461 3580 605 3663; x_wconf 88' lang='lat' dir='ltr'><strong>novique</strong></span> <span class='ocrx_word' id='word_1_242' title='bbox 619 3581 711 3643; x_wconf 88' lang='lat' dir='ltr'><strong>cives</strong></span> <span class='ocrx_word' id='word_1_243' title='bbox 724 3580 828 3655; x_wconf 88' lang='lat' dir='ltr'><strong>censi,</strong></span> <span class='ocrx_word' id='word_1_244' title='bbox 844 3579 968 3643; x_wconf 75' lang='lat' dir='ltr'><strong>&#39;l&#39;ribus</strong></span> <span class='ocrx_word' id='word_1_245' title='bbox 991 3584 1131 3660; x_wconf 86' lang='lat' dir='ltr'><strong>propter</strong></span> <span class='ocrx_word' id='word_1_246' title='bbox 1153 3595 1212 3642; x_wconf 86' lang='lat' dir='ltr'><strong>eos</strong></span> <span class='ocrx_word' id='word_1_247' title='bbox 1235 3577 1360 3644; x_wconf 75' lang='lat' dir='ltr'><strong>addite</strong></span> 
     </span>
     <span class='ocr_line' id='line_1_33' title="bbox 276 3673 1361 3763; baseline 0 -21"><span class='ocrx_word' id='word_1_248' title='bbox 276 3678 409 3755; x_wconf 84' lang='lat' dir='ltr'><strong>Moetia,</strong></span> <span class='ocrx_word' id='word_1_249' title='bbox 423 3687 460 3742; x_wconf 88' lang='lat' dir='ltr'><strong>et</strong></span> <span class='ocrx_word' id='word_1_250' title='bbox 473 3679 626 3763; x_wconf 86' lang='lat' dir='ltr'><strong>Scaptia;</strong></span> <span class='ocrx_word' id='word_1_251' title='bbox 651 3680 818 3744; x_wconf 87' lang='lat' dir='ltr'><strong>Censores</strong></span> <span class='ocrx_word' id='word_1_252' title='bbox 828 3679 1025 3744; x_wconf 87' lang='lat' dir='ltr'><strong>addiderunt</strong></span> <span class='ocrx_word' id='word_1_253' title='bbox 1041 3675 1085 3754; x_wconf 84' lang='lat' dir='ltr'><strong>Q.</strong></span> <span class='ocrx_word' id='word_1_254' title='bbox 1096 3677 1263 3742; x_wconf 89' lang='lat' dir='ltr'><strong>Publilius</strong></span> <span class='ocrx_word' id='word_1_255' title='bbox 1280 3673 1361 3742; x_wconf 88' lang='lat' dir='ltr'><strong>Pbi·</strong></span> 
     </span>
     <span class='ocr_line' id='line_1_34' title="bbox 274 3775 1358 3863; baseline -0.002 -17"><span class='ocrx_word' id='word_1_256' title='bbox 274 3783 320 3858; x_wconf 79' lang='lat' dir='ltr'><strong>lo,‘</strong></span> <span class='ocrx_word' id='word_1_257' title='bbox 329 3780 470 3863; x_wconf 89' lang='lat' dir='ltr'><strong>Spurius</strong></span> <span class='ocrx_word' id='word_1_258' title='bbox 485 3778 723 3845; x_wconf 89' lang='lat' dir='ltr'><strong>Posthnmins.&#39;</strong></span> <span class='ocrx_word' id='word_1_259' title='bbox 752 3779 844 3845; x_wconf 90' lang='lat' dir='ltr'><strong>Hinc</strong></span> <span class='ocrx_word' id='word_1_260' title='bbox 859 3778 979 3844; x_wconf 82' lang='lat' dir='ltr'><strong>Cicero</strong></span> <span class='ocrx_word' id='word_1_261' title='bbox 993 3778 1138 3844; x_wconf 68' lang='lat' dir='ltr'><strong>moundo</strong></span> <span class='ocrx_word' id='word_1_262' title='bbox 1150 3778 1192 3842; x_wconf 92' lang='lat' dir='ltr'><strong>ab</strong></span> <span class='ocrx_word' id='word_1_263' title='bbox 1206 3775 1358 3844; x_wconf 84' lang='lat' dir='ltr'><strong>Atticum</strong></span> 
     </span>
     <span class='ocr_line' id='line_1_35' title="bbox 274 3876 1361 3963; baseline -0.002 -17"><span class='ocrx_word' id='word_1_264' title='bbox 274 3882 359 3947; x_wconf 90' lang='lat' dir='ltr'><strong>libro</strong></span> <span class='ocrx_word' id='word_1_265' title='bbox 380 3878 654 3945; x_wconf 86' lang='lat' dir='ltr'><strong>‘Formianorum</strong></span> <span class='ocrx_word' id='word_1_266' title='bbox 668 3880 806 3944; x_wconf 84' lang='lat' dir='ltr'><strong>Tribum</strong></span> <span class='ocrx_word' id='word_1_267' title='bbox 826 3877 1016 3944; x_wconf 85' lang='lat' dir='ltr'><strong>AEmiliarn&#39;</strong></span> <span class='ocrx_word' id='word_1_268' title='bbox 1037 3877 1148 3955; x_wconf 87' lang='lat' dir='ltr'><strong>refert,</strong></span> <span class='ocrx_word' id='word_1_269' title='bbox 1164 3876 1206 3941; x_wconf 82' lang='lat' dir='ltr'><strong>de</strong></span> <span class='ocrx_word' id='word_1_270' title='bbox 1221 3897 1290 3963; x_wconf 86' lang='lat' dir='ltr'><strong>qua</strong></span> <span class='ocrx_word' id='word_1_271' title='bbox 1305 3879 1361 3944; x_wconf 84' lang='lat' dir='ltr'><strong>Li·</strong></span> 
     </span>
     <span class='ocr_line' id='line_1_36' title="bbox 273 3978 1356 4062; baseline -0.005 -14"><span class='ocrx_word' id='word_1_272' title='bbox 273 3983 349 4049; x_wconf 86' lang='lat' dir='ltr'><strong>vius</strong></span> <span class='ocrx_word' id='word_1_273' title='bbox 370 3981 454 4046; x_wconf 90' lang='lat' dir='ltr'><strong>libro</strong></span> <span class='ocrx_word' id='word_1_274' title='bbox 478 3981 521 4046; x_wconf 87' lang='lat' dir='ltr'><strong>ab</strong></span> <span class='ocrx_word' id='word_1_275' title='bbox 538 3980 583 4044; x_wconf 92' lang='lat' dir='ltr'><strong>U.</strong></span> <span class='ocrx_word' id='word_1_276' title='bbox 598 3979 637 4044; x_wconf 87' lang='lat' dir='ltr'><strong>G.</strong></span> <span class='ocrx_word' id='word_1_277' title='bbox 662 3995 837 4044; x_wconf 86' lang='lat' dir='ltr'><strong>xxxvrrr.</strong></span> <span class='ocrx_word' id='word_1_278' title='bbox 860 3981 1011 4045; x_wconf 88' lang='lat' dir='ltr'><strong>scribens</strong></span> <span class='ocrx_word' id='word_1_279' title='bbox 1033 3979 1159 4062; x_wconf 87' lang='lat' dir='ltr'><strong>inquit:</strong></span> <span class='ocrx_word' id='word_1_280' title='bbox 1175 3978 1356 4060; x_wconf 78' lang='lat' dir='ltr'><strong>&#39;‘Rogatio</strong></span> 
     </span>
     <span class='ocr_line' id='line_1_37' title="bbox 275 4078 1361 4163; baseline -0.003 -18"><span class='ocrx_word' id='word_1_281' title='bbox 275 4082 407 4163; x_wconf 84' lang='lat' dir='ltr'><strong>perlata</strong></span> <span class='ocrx_word' id='word_1_282' title='bbox 430 4086 495 4159; x_wconf 88' lang='lat' dir='ltr'><strong>est,</strong></span> <span class='ocrx_word' id='word_1_283' title='bbox 514 4087 551 4146; x_wconf 88' lang='lat' dir='ltr'><strong>nt</strong></span> <span class='ocrx_word' id='word_1_284' title='bbox 568 4081 602 4144; x_wconf 90' lang='lat' dir='ltr'><strong>in</strong></span> <span class='ocrx_word' id='word_1_285' title='bbox 617 4080 756 4162; x_wconf 84' lang='lat' dir='ltr'><strong>AEmilia</strong></span> <span class='ocrx_word' id='word_1_286' title='bbox 769 4081 873 4146; x_wconf 88' lang='lat' dir='ltr'><strong>Tribn</strong></span> <span class='ocrx_word' id='word_1_287' title='bbox 886 4079 1069 4154; x_wconf 82' lang='lat' dir='ltr'><strong>Formiani,</strong></span> <span class='ocrx_word' id='word_1_288' title='bbox 1084 4097 1125 4142; x_wconf 89' lang='lat' dir='ltr'><strong>ac</strong></span> <span class='ocrx_word' id='word_1_289' title='bbox 1142 4078 1306 4156; x_wconf 87' lang='lat' dir='ltr'><strong>Fundani,</strong></span> <span class='ocrx_word' id='word_1_290' title='bbox 1327 4081 1361 4144; x_wconf 92' lang='lat' dir='ltr'><strong>in</strong></span> 
     </span>
     <span class='ocr_line' id='line_1_38' title="bbox 275 4177 1361 4265; baseline -0.001 -20"><span class='ocrx_word' id='word_1_291' title='bbox 275 4181 429 4247; x_wconf 85' lang='lat' dir='ltr'><strong>Gemella</strong></span> <span class='ocrx_word' id='word_1_292' title='bbox 440 4179 618 4265; x_wconf 83' lang='lat' dir='ltr'><strong>Arpinates</strong></span> <span class='ocrx_word' id='word_1_293' title='bbox 633 4180 769 4246; x_wconf 83' lang='lat' dir='ltr'><strong>serrent&#39;</strong></span> <span class='ocrx_word' id='word_1_294' title='bbox 812 4179 880 4246; x_wconf 89' lang='lat' dir='ltr'><strong>Sed</strong></span> <span class='ocrx_word' id='word_1_295' title='bbox 891 4178 1047 4246; x_wconf 86' lang='lat' dir='ltr'><strong>Valerius</strong></span> <span class='ocrx_word' id='word_1_296' title='bbox 1059 4177 1229 4246; x_wconf 84' lang='lat' dir='ltr'><strong>Maximus</strong></span> <span class='ocrx_word' id='word_1_297' title='bbox 1243 4195 1298 4244; x_wconf 80' lang='lat' dir='ltr'><strong>rx.</strong></span> <span class='ocrx_word' id='word_1_298' title='bbox 1313 4181 1361 4244; x_wconf 83' lang='lat' dir='ltr'><strong>lo.</strong></span> 
     </span>
    </p>
   </div>
   <div class='ocr_carea' id='block_1_3' title="bbox 0 0 1523 4874">
    <p class='ocr_par' dir='ltr' id='par_1_4' title="bbox 0 0 1523 4874">
     <span class='ocr_line' id='line_1_39' title="bbox 0 0 1523 4874; baseline 0 0"><span class='ocrx_word' id='word_1_299' title='bbox 0 0 1523 4874; x_wconf 95' lang='lat' dir='ltr'><strong> </strong></span> 
     </span>
    </p>
   </div>
  </div>
 </body>
</html>
