3006 4874
412 345 608 426 nnorro‘rr.
633 375 746 426 aanor
772 377 953 426 ornamur.
1169 364 1231 428 117

140 526 325 606 οεὶοιὰιω,
339 527 471 591 omnino
485 529 528 592 ab
538 527 645 591 altero
655 525 799 609 quodam
809 524 1007 592 Anazarbeo
1017 526 1229 605 Dioscoridc,
1270 531 1273 538 '

139 627 192 695 sie
207 628 295 692 enim
311 629 511 704 inscribitur,
527 627 681 712 prosecta
696 633 760 690 est.
804 625 959 692 Priorum
972 627 1058 690 enim
1073 627 1230 692 librorum

139 734 258 792 auctor
277 727 364 792 hand
387 727 503 810 procul
525 729 568 791 ab
590 727 684 791 initio
704 725 780 790 libri
801 727 890 791 sexti
916 728 985 790 ait':
1012 725 1231 792 ‘Generosis-

138 829 224 894 sime
238 829 444 893 auxiliantur
458 829 616 905 antidota,
637 828 761 912 quaein
777 828 889 910 operis
902 829 995 894 culce
1011 827 1136 910 scripta
1152 830 1229 893 reli-

139 930 292 1013 quimus!
336 929 560 1008 Quibuscum
576 933 707 993 constat
727 929 777 992 ihi
799 927 843 992 fin
851 948 902 992 em
917 928 1007 1012 operi
1021 930 1156 1006 secisse,
1172 933 1230 997 ubi

139 1031 254 1096 hnmm
269 1032 489 1096 antidotorum
503 1030 664 1106 meminit,
680 1035 761 1112 post
782 1029 976 1093 absolutum
998 1029 1039 1094 de
1053 1029 1230 1094 lethalibus

138 1130 389 1196 medicamentis
404 1149 587 1196 sermonem
603 1136 676 1194 ante
691 1149 767 1194 eam
790 1137 930 1211 partem,
946 1149 1047 1215 quam
1069 1149 1133 1213 ego
1149 1132 1228 1196 nolo

139 1231 280 1297 eundem
305 1233 427 1298 habere
455 1237 636 1308 auctorem,
658 1250 732 1296 curn
763 1233 832 1296 ait:
869 1230 961 1296 ‘His
987 1232 1244 1298 subscribenda·

137 1331 265 1398 fuerant
277 1333 425 1399 antidota
437 1332 574 1410 nobilia,
588 1333 713 1416 quibus
735 1331 897 1414 praeclnre
912 1334 1152 1398 auxiliantibus
1166 1335 1230 1398 uti-

138 1452 223 1512 mar,
246 1435 346 1517 quale
363 1431 635 1511 Mithridaticum,
652 1432 744 1515 quod
759 1451 804 1496 ex
826 1423 988 1514 sang'nine
1003 1440 1067 1512 est,
1082 1453 1123 1499 ac
1139 1434 1228 1518 quod

138 1553 157 1597 e
180 1535 305 1600 Scinco
325 1533 380 1600 fit:
412 1553 525 1599 verum
546 1533 704 1616 qnoniam
725 1535 804 1599 alibi
826 1540 981 1600 accurata
998 1537 1127 1619 scripta
1141 1542 1228 1614 sunt,

139 1636 423 1720 supersedendum
451 1635 548 1699 nobis
576 1634 641 1699 hoc
672 1653 773 1718 opere
801 1637 1010 1702 censuimus!
1054 1637 1228 1721 Siquidem

138 1737 238 1818 igitur
250 1738 327 1803 huic
341 1738 437 1822 operi
451 1736 527 1801 linis
550 1743 613 1814 est,
629 1737 697 1820 qui,
718 1738 762 1802 ad
783 1744 914 1804 sextum
929 1739 1062 1817 libram,
1086 1758 1163 1822 quar
1177 1757 1230 1802 sa·

139 1846 298 1921 quantur,
312 1838 384 1903 lieri
397 1843 518 1922 potest,
533 1845 570 1904 nt
582 1838 759 1905 credantur
780 1842 953 1923 pertinere,
968 1859 1068 1924 quern
1089 1859 1130 1905 ea
1144 1859 1228 1924 quo·

138 1958 203 2022 que
218 1940 419 2024 disjungunt,
434 1961 509 2024 qnae
525 1942 559 2004 iu
573 1940 669 2005 initio
684 1941 759 2006 libri
778 1944 868 2007 sexti
882 1943 923 2008 de
938 1945 1110 2008 venenatis
1124 1943 1229 2007 medi·

138 2044 299 2106 cementis
312 2042 472 2125 leguntur,
488 2043 639 2125 neglecta
656 2045 783 2108 ictuum
806 2043 977 2108 lethalium
992 2063 1229 2109 commemora·

138 2142 241 2219 hone,
256 2163 344 2227 quos
359 2162 457 2225 aeque
471 2162 508 2206 se
522 2153 773 2226 persecuturum
785 2144 938 2222 dixisset,
951 2165 1027 2208 cum
1040 2145 1081 2208 de
1096 2144 1147 2207 his
1162 2145 1228 2207 sihi

138 2244 348 2308 tractandum
370 2247 608 2327 proposuisset,
630 2245 721 2310 sicut
741 2243 782 2308 de
803 2243 980 2309 lethalibus
1005 2242 1227 2308 medicamen·

138 2347 182 2409 tis
198 2345 265 2409 sibi
288 2364 472 2409 sermonem
495 2365 570 2409 esse
592 2345 737 2411 futurum
760 2346 921 2430 praefatus
942 2350 1002 2423 cst,
1018 2345 1169 2409 scribens
1193 2346 1226 2409 in

136 2446 237 2524 hunc,
252 2446 305 2511 vel
321 2447 471 2523 similem,
485 2446 640 2511 medum:
678 2448 742 2512 ‘ln
755 2449 821 2512 hoc
834 2447 936 2511 totins
951 2447 1061 2530 operis
1076 2453 1226 2510 extremo

139 2547 180 2609 de
194 2547 439 2612 medicamentis
454 2545 579 2612 homini
594 2550 804 2629 salutaribus,
817 2556 875 2614 aut
896 2548 1074 2631 pestiferis,
1095 2565 1227 2611 necnon

137 2647 260 2712 ictibus
275 2649 448 2713 virulentis
467 2648 629 2730 agendum
652 2650 725 2713 est!
767 2651 816 2714 At
833 2669 899 2714 non
915 2651 964 2713 sic
979 2648 1076 2725 dixit,
1099 2647 1158 2712 sed
1172 2667 1226 2712 ce·

139 2756 214 2814 tera
233 2757 349 2833 praeter
370 2750 569 2814 versiculum
592 2768 614 2813 a
628 2769 681 2815 me
700 2750 861 2827 additum,
877 2756 1027 2815 ‘necnon
1040 2750 1163 2814 ictibus
1178 2750 1227 2814 vi-

139 2847 301 2926 mlentis,’
316 2857 351 2914 nt
365 2849 554 2915 ostenderet
572 2849 615 2918 de
638 2850 692 2913 his
708 2850 814 2926 nulla,
829 2849 871 2913 de
889 2850 955 2913 illis
971 2851 1082 2912 omnia
1100 2868 1138 2912 se
1152 2867 1227 2914 esse

138 2951 320 3032 dicturum3
353 2971 429 3016 nam
450 2952 539 3034 quod
564 2951 618 3016 hic
642 2959 763 3016 auctor
784 2951 989 3015 consueverit
1010 2948 1125 3024 Arreo,
1146 2950 1226 3031 quid

139 3055 267 3119 dictum
287 3055 344 3131 sit,
366 3054 488 3136 quidve
504 3050 691 3130 dicendum,
705 3054 823 3136 paucis
845 3052 937 3135 prius
952 3050 1111 3127 indicare,
1126 3069 1226 3134 quarn

138 3158 250 3240 ipsam
265 3155 478 3221 dicendorum
497 3157 715 3220 narrationem
735 3154 956 3236 aggrediatur,
970 3153 1005 3217 id
1020 3171 1100 3216 vere
1118 3154 1226 3218 maxi·

137 3277 192 3322 me
207 3276 252 3321 ex
266 3257 425 3333 secundo,
440 3258 550 3336 tertio,
564 3265 600 3322 et
613 3257 731 3339 quinto
745 3256 831 3320 libro
844 3252 1043 3336 intelligitur,
1057 3255 1091 3318 in
1105 3255 1226 3336 quihus

137 3358 270 3440 singula
285 3359 464 3434 recensuit,
475 3376 615 3440 quornm
629 3359 662 3422 in
676 3359 719 3421 iis
735 3375 915 3420 sermonem
938 3362 1025 3419 esset
1039 3354 1226 3432 habitnnrs,

137 3460 229 3544 qnod
254 3461 288 3524 in
310 3469 408 3526 sexto
433 3479 499 3524 non
522 3463 743 3534 observasset,
766 3460 808 3522 iis
833 3456 965 3534 additia,
983 3475 1058 3539 quae
1078 3455 1120 3519 ad
1140 3456 1227 3520 ictus

137 3568 322 3626 venenatos
355 3561 554 3645 pertinentia
584 3561 751 3644 posterius
787 3560 946 3640 leguntur.
991 3558 1031 3622 In
1060 3557 1123 3622 hoc
1152 3559 1228 3641 ipso

137 3663 225 3726 sexti
239 3661 314 3724 libri
329 3662 422 3726 initio
435 3663 594 3726 sermonis
610 3663 805 3726 brevitatem
820 3660 1010 3742 pollicetur,
1024 3666 1058 3724 et
1072 3661 1229 3725 observat

135 3767 208 3829 tota
222 3762 280 3827 illa
295 3773 401 3846 parta,
417 3782 519 3846 quam
533 3783 596 3845 ego
610 3765 699 3829 sexti
714 3762 880 3846 propriam
896 3781 972 3825 esse
992 3763 1167 3838 existimo,
1177 3780 1227 3823 se·

137 3865 273 3950 quentis
288 3865 395 3947 partis
410 3874 526 3929 auctor
541 3865 704 3928 sermonis
718 3864 943 3947 prolixitatem
960 3866 1061 3938 amat,
1075 3868 1176 3943 atquc
1192 3861 1226 3924 in

137 3965 330 4030 disserendo
343 3966 385 4031 de
398 3967 513 4031 causis
523 3965 649 4030 multus
665 3963 831 4048 estquod
844 3963 946 4046 priori
959 3959 1228 4027 Dioscoridincn

135 4069 304 4152 probatur,
316 4087 374 4132 eos
387 4069 421 4132 in
435 4069 549 4152 operis
560 4067 765 4134 Praeiatiune
774 4065 952 4138 damnanti,
965 4063 1021 4146 qui
1036 4061 1117 4128 artis
1131 4059 1228 4126 effec-

137 4177 192 4236 tus
207 4171 361 4254 nonipso
376 4189 482 4236 rerum
499 4189 564 4237 usu
575 4167 818 4248 confirmandos
832 4173 866 4230 et
880 4163 1081 4240 sauciandos
1093 4170 1226 4246 putant,
