3016 4876
450 395 643 444 caesario
666 399 719 448 ro.
744 397 947 448 usanurm.
1195 383 1238 450 19

146 539 210 604 mis
233 539 431 602 auctoribus
450 537 622 614 adhibeas,
644 537 876 624 calculumqne
894 542 969 624 eJus
989 539 1162 624 adjungas,
1182 561 1240 606 cu-

142 639 201 722 jus
219 659 286 722 ope
305 658 367 704 sna
384 639 513 702 demum
531 641 673 704 orationi
691 641 857 707 Plinianee
877 643 1038 706 sententia
1058 643 1239 723 integritas-

147 759 216 824 que
239 742 397 805 consteti

193 841 328 906 Horum
345 861 409 906 nos
425 842 614 906 testimonia
627 843 656 905 si
672 842 869 924 proferimus
884 863 978 926 saepe
993 845 1028 908 iu
1042 845 1196 924 medium,
1211 849 1240 912 si
1367 839 1370 846 ’

148 961 348 1008 consensum
370 943 590 1025 proponimus
617 945 830 1028 antiquitatis
852 948 953 1010 totins
972 966 1047 1012 cum
1067 948 1188 1026 Plinio,
1210 949 1240 1011 si

147 1045 390 1126 rempublicam
404 1044 610 1125 ingeniomm
626 1045 745 1108 vadem
761 1065 822 1128 pro
845 1065 886 1110 eo
908 1047 1066 1123 sistimus,
1082 1054 1118 1112 nt
1132 1049 1241 1112 minus

145 1144 334 1227 jucundum
349 1145 383 1208 id
397 1145 565 1210 nonnullis
588 1164 662 1210 esse
679 1146 837 1224 videatur,
860 1147 936 1229 quis
957 1148 1036 1212 utile
1049 1148 1240 1213 inficietnrl

151 1252 209 1312 ant
230 1247 308 1328 quis
327 1246 403 1329 jure
422 1254 631 1324 succenseat,
654 1265 731 1310 cum
750 1247 834 1330 justi
858 1250 1086 1312 commentarii
1108 1251 1182 1313 vice
1200 1268 1242 1314 ea

150 1346 227 1428 ipsa
241 1347 318 1412 loca
332 1348 411 1423 sint,
426 1348 546 1430 quibus
562 1349 665 1412 Plinii
681 1350 846 1414 sententia
868 1349 1073 1426 emendatur,
1096 1349 1244 1414 delendi·

153 1455 220 1524 tur,
244 1448 458 1530 intelligitcrl
502 1449 708 1514 Emendator
726 1468 826 1531 porro
853 1451 915 1525 sic,
937 1457 972 1513 nt
993 1449 1104 1513 nullus
1125 1450 1244 1514 deinde

153 1549 300 1631 supersit
315 1551 409 1620 alteri
425 1550 628 1633 conjecturae
642 1551 758 1614 locus:
782 1552 831 1614 ita
843 1551 1040 1626 defenditur,
1055 1559 1094 1614 ut
1110 1558 1160 1614 tot
1174 1550 1244 1614 sns-

153 1649 269 1731 fregiis
285 1657 458 1714 anctorum
477 1653 699 1715 communitus
713 1650 797 1714 nibil
816 1651 891 1734 jam
903 1651 1110 1727 extimescat,
1124 1651 1185 1715 sed
1201 1653 1245 1714 sit

153 1755 252 1812 extra
266 1750 512 1816 maledicentiae
528 1753 597 1816 tela
611 1753 759 1836 positus:
782 1752 833 1816 sic
849 1751 980 1816 demum
991 1752 1196 1834 intelligitur,
1208 1758 1246 1816 nt

155 1871 200 1914 ne
216 1858 341 1915 nostrae
351 1851 482 1933 quidem
497 1853 775 1935 interpretationis
789 1851 901 1916 lucem
915 1853 982 1916 lere
990 1853 1163 1918 desideret.
1179 1851 1247 1917 Sed

155 1959 291 2038 quanm
306 1961 430 2035 praeter
451 1952 525 2018 beec
543 1954 728 2036 voluptatis
752 1953 822 2017 sore
847 1955 1032 2034 putandam
1053 1960 1117 2029 est,
1131 1955 1247 2036 depre-

157 2054 257 2118 bendi
271 2053 395 2130 statim,
410 2073 485 2136 qnae
495 2061 529 2119 et
539 2053 624 2118 unde
637 2064 755 2118 mutua
772 2054 905 2118 Plinius
917 2057 1096 2138 acceperit,
1108 2073 1248 2137 expres-

157 2156 206 2220 sis
216 2154 416 2220 indicatisve
429 2155 522 2232 locis,
536 2173 613 2238 quac
624 2162 758 2220 secutus
774 2156 840 2220 siti
862 2155 1011 2237 ejusdem
1026 2157 1123 2220 simul
1139 2162 1249 2220 errata

158 2257 309 2338 coargui,
324 2263 354 2321 si
374 2265 553 2338 quaesunt,
575 2257 694 2320 iisdem
715 2257 855 2320 interce
875 2258 1032 2321 collatisl
1078 2258 1248 2321 interdum

158 2357 192 2420 in
222 2359 431 2422 Dioscoridis
455 2356 638 2420 concedere
661 2357 855 2420 sententiam
874 2356 1003 2440 (placet
1020 2358 1108 2420 enim
1131 2358 1165 2420 in
1184 2357 1249 2421 boc

160 2458 357 2540 exemplum
373 2455 534 2541 statuere)
548 2459 774 2522 nementitns:
798 2457 887 2522 abire
896 2475 1130 2540 nonnunquam
1143 2457 1250 2521 diver·

160 2578 246 2634 snm,
261 2579 304 2622 ne
319 2564 489 2623 mutuatus
504 2561 546 2622 ab
562 2577 614 2632 eo,
629 2577 706 2639 quae
721 2557 826 2634 affert,
840 2559 1061 2622 existimetur.
1093 2558 1251 2622 Potuisse

160 2661 248 2725 enim
263 2661 415 2742 equidem
432 2660 569 2726 arbitror
579 2660 674 2744 (nam
687 2666 722 2722 et
732 2660 796 2723 boc
808 2659 915 2722 obiter
928 2656 1160 2739 indicandum)
1175 2677 1251 2722 eum

162 2762 338 2844 appellare
352 2761 435 2823 inter
448 2765 578 2848 ceteros
593 2779 651 2842 per
671 2779 757 2841 quos
780 2759 939 2842 profecit:
963 2759 1110 2822 noluisse
1125 2767 1251 2834 antem,

162 2869 231 2927 turn
247 2861 337 2943 quod
348 2863 441 2940 ipsos
453 2877 523 2941 pree
534 2859 689 2922 manibus
702 2867 857 2923 auctores
867 2859 1014 2934 baberet,
1024 2877 1067 2922 ex
1078 2876 1146 2940 quo
1156 2877 1252 2921 suam

164 2961 384 3028 Dioscorides
407 2960 583 3041 Epitomen
603 2959 858 3036 consarcinavit,
880 2959 1123 3034 Democratem,
1141 2958 1253 3042 Opbc-

162 3065 298 3139 lienem,
328 3060 517 3137 crateram,
546 3059 713 3136 Dioclem,
745 3058 973 3134 Heraclidem,
1008 3059 1161 3122 Sextium
1193 3058 1254 3122 Ni·

164 3183 270 3246 grum,
286 3161 476 3236 Hicesium,
501 3159 710 3235 Petronium,
734 3159 951 3234 Anaxilanm,
969 3163 1161 3240 ceterosque
1183 3177 1255 3224 eru·

164 3264 304 3329 ditionis
318 3268 351 3326 et
363 3261 463 3324 samm
477 3260 629 3342 majoris:
651 3267 719 3323 turn
744 3259 834 3342 quod
850 3258 927 3341 jure
946 3261 1111 3341 aspernari
1127 3259 1255 3322 videre·

164 3371 218 3428 tur
232 3362 463 3428 Dioscoridem
480 3359 623 3436 Plinius,
635 3358 699 3423 boc
709 3368 771 3436 est,
782 3359 879 3422 bomo
893 3357 1068 3421 Romanum
1080 3367 1254 3422 externum

164 3465 339 3537 bominem,
363 3481 462 3546 quem
487 3459 539 3524 sni
559 3479 690 3542 quoque
716 3459 897 3541 populares
922 3459 973 3522 vel
1000 3460 1140 3522 inscitire
1164 3477 1255 3540 saepe

165 3570 358 3646 coarguant,
373 3570 408 3628 nt
422 3563 465 3639 is,
480 3561 539 3643 qui
551 3566 628 3644 post
642 3577 745 3624 annos
759 3559 890 3642 aliquot
907 3560 1004 3635 vixit,
1018 3559 1069 3622 vir
1080 3556 1201 3640 judicii
1221 3559 1255 3621 in

167 3685 211 3730 eo
226 3681 344 3745 genere
363 3662 563 3726 limetissimi
583 3656 778 3724 carenuszh
794 3677 835 3723 ao
859 3659 979 3723 deindo
1001 3656 1182 3723 Pbotius:i
1203 3658 1256 3721 vel

166 3767 258 3832 certe
272 3765 453 3846 negligunt,
474 3769 511 3826 ut
526 3761 730 3826 Athenaeus:
753 3762 810 3844 qni
827 3780 904 3824 cnm
919 3763 953 3824 in
969 3760 1098 3825 Graecis
1113 3761 1256 3824 auctori-

167 3869 233 3932 bus
257 3863 468 3948 appellandis
492 3863 624 3927 micime
648 3863 731 3926 alias
752 3880 872 3944 parcns
897 3863 952 3937 sit,
976 3860 1256 3926 Dioscoridemne

168 3967 271 4034 semel
287 3965 422 4049 quidem
436 3963 588 4028 laudarit.

202 4115 213 4150 ¹
230 4117 354 4178 Galenus,
365 4118 410 4167 lib.
422 4132 473 4168 vir.
491 4117 523 4166 ds
538 4118 600 4166 Fac.
611 4117 690 4180 Simp.
765 4118 772 4150 ¹
787 4117 893 4165 Pliotins
910 4115 965 4166 cod.
978 4119 1032 4165 rra.

169 4191 266 4242 Medic.
277 4207 335 4256 pag.
350 4199 405 4243 rar.
420 4201 448 4242 ct
460 4195 502 4242 iib.
514 4205 552 4242 ιι.
566 4207 624 4257 pag.
635 4196 692 4242 ⁸01.
