3006 4874
447 415 577 462 ascaro
602 415 642 462 rr.
666 415 779 462 raum
804 413 988 462 eruamur.
1196 397 1260 464 139

170 557 378 620 monstrabit.
415 557 546 622 Graecae
557 558 678 640 linguae
694 558 880 640 ignorantia
895 557 1043 622 Plinium
1059 560 1187 634 notant,
1200 576 1260 639 per

171 677 272 742 quam
297 659 387 723 baud
408 677 482 722 raro
505 659 602 724 aliter
622 665 729 724 verint
751 660 877 737 latine,
899 679 999 746 quam
1022 659 1143 726 Graece
1168 659 1260 742 apud

171 759 405 824 Dioscoridem
431 762 570 842 legatur.
616 761 803 826 Historiam
827 763 945 828 adhoc
967 763 1122 845 stirpium
1137 767 1260 826 temere

169 861 320 942 attigisse
332 862 459 940 volunt,
483 881 624 946 quarum
646 863 772 926 nullam
785 863 839 927 vel
858 863 1101 944 contemplatus
1116 866 1260 945 unquam

172 968 271 1038 esset,
287 963 340 1026 vel
356 969 505 1028 curasset
524 969 685 1046 spectare,
701 964 828 1028 librarii
851 965 965 1047 potius
989 962 1100 1029 officio
1116 965 1261 1039 iunctus,

170 1085 271 1148 quarn
294 1067 488 1148 scriptoris:
511 1085 578 1150 quo
596 1066 723 1130 lactum
739 1085 815 1131 esse
830 1068 1030 1149 praedicant,
1046 1074 1084 1132 nt
1099 1067 1204 1131 multa
1217 1086 1262 1130 ex

171 1168 313 1234 aliorum
329 1169 466 1250 scriptis
480 1171 623 1232 suumin
637 1171 808 1250 opussine
825 1169 957 1234 delectu
972 1176 1134 1251 congesta
1149 1177 1262 1251 poste-

171 1289 281 1334 rorum
304 1270 470 1336 memoriae
493 1271 709 1336 mandaverit.
751 1270 901 1349 Quorum
913 1291 976 1352 ego
990 1272 1111 1336 rationi
1126 1289 1263 1353 respon-

172 1372 268 1446 dens,
286 1378 360 1436 utro
377 1373 412 1435 in
438 1372 500 1436 bac
524 1391 630 1436 causa
644 1371 807 1436 beneficio
822 1373 871 1436 uti
886 1373 987 1436 velint
1000 1393 1059 1437 eos
1075 1373 1262 1455 interpello,

173 1495 214 1538 au
232 1475 323 1558 quod
338 1474 469 1537 Plinius
480 1493 522 1538 ex
539 1472 740 1537 Dioscorida
755 1491 817 1536 sua
835 1473 1093 1564 transcripserit,
1109 1473 1263 1560 vel-uter-

173 1595 239 1657 que
253 1594 298 1640 ex
315 1575 426 1639 tertio.
470 1573 508 1637 Si
523 1572 659 1656 quidem
673 1572 755 1636 illud
771 1572 931 1640 affirment
949 1576 1102 1656 primum,
1120 1573 1263 1638 Plinium

173 1678 396 1760 antiquiorem
411 1674 612 1739 Dioscorida
634 1673 737 1738 fuisse
753 1676 922 1739 nonnullis
933 1676 1134 1758 argumentis
1151 1684 1264 1739 osten-

174 1799 247 1842 sum
258 1785 322 1855 est,
338 1778 416 1842 aliis
427 1796 508 1843 vero
524 1775 674 1851 eundem,
683 1779 838 1858 quamvis
843 1777 1018 1858 juniorem,
1030 1776 1264 1842 Dioscoridem

171 1899 240 1944 ,non
267 1880 443 1962 agnovisse
467 1879 517 1943 sic
541 1877 698 1954 dissemi,
725 1882 762 1940 ut
789 1883 903 1959 putem
925 1877 1191 1942 demonstrasse:
1214 1879 1264 1942 siu

175 1981 318 2046 alterum
347 1980 472 2056 dicant,
500 1977 617 2042 nescio
640 1995 699 2042 cur
726 1979 840 2061 potius
868 1979 972 2042 velint
996 1979 1142 2042 Plinium
1164 1981 1197 2042 io
1224 1997 1265 2043 eo

175 2088 313 2147 auctore
327 2081 483 2147 vertendo
495 2079 699 2158 caecutiisse,
712 2099 815 2165 quam
830 2081 1068 2145 Dioscoridem
1083 2081 1181 2145 aliter
1192 2101 1267 2145 sen-

176 2183 312 2248 tientem
333 2203 375 2246 ex
401 2181 555 2265 professo
577 2182 612 2245 iu
635 2180 700 2245 bac
722 2188 816 2264 parte
841 2182 884 2244 ab
900 2189 1036 2246 auctore
1052 2183 1265 2258 discessisse,

176 2285 269 2368 quod
283 2285 317 2348 in
339 2284 561 2366 Tussilagine‚
577 2291 611 2348 et
632 2283 709 2348 aliis
731 2283 907 2358 nonnullis,
923 2283 1074 2346 evenisse
1089 2284 1123 2345 in
1139 2301 1267 2366 praece·

177 2386 334 2450 dentibus
348 2385 554 2450 dicebamus.
598 2384 668 2463 Qui
683 2403 762 2449 vero
784 2384 820 2446 in
834 2383 1063 2448 exscribendis
1078 2385 1268 2466 plantarum

178 2487 325 2552 historiis
350 2507 415 2550 nou
442 2486 594 2550 videndis
620 2505 656 2549 se
686 2484 833 2549 Plinium
858 2485 1053 2550 exercuisse
1075 2486 1205 2562 nolunt,
1233 2485 1268 2550 lri

176 2591 260 2654 mibi
276 2590 393 2674 potius
407 2590 442 2653 in
458 2587 573 2652 Indice
588 2587 690 2651 Plinii
706 2587 901 2662 evolvendo,
916 2605 1018 2670 quam
1034 2605 1137 2670 opere
1159 2586 1268 2668 legen-

178 2694 237 2770 do,
251 2691 375 2755 versati
390 2690 553 2766 videntur,
563 2694 595 2753 et
607 2690 643 2752 in
657 2706 698 2752 eo
711 2705 883 2772 peccasse,
893 2687 983 2769 quod
996 2686 1108 2751 Plinio
1123 2687 1157 2749 in
1172 2687 1268 2768 plan-

177 2795 225 2858 tis
236 2790 468 2858 describendis
482 2791 666 2871 contigisse
678 2787 862 2871 prodidere.
906 2787 1009 2854 Libro
1023 2791 1167 2869 numque
1184 2786 1218 2851 N
1220 2795 1267 2852 at.

179 2897 272 2960 Ilist.
286 2909 382 2958 xxV.
395 2893 427 2956 2.
450 2891 511 2955 ‘ln
526 2891 643 2956 eadem
658 2887 854 2974 provincia‚’
874 2889 986 2972 inquit
1001 2888 1145 2964 Plinius,
1167 2893 1177 2922 ‘
1192 2907 1269 2970 cog·

178 2999 259 3062 novi
272 2999 306 3061 in
321 3015 400 3077 agro
423 2993 569 3076 hospitis
591 3010 698 3075 nuper
710 2992 758 3055 ibi
774 2996 942 3073 repertum
957 2990 1205 3054 Dracunculum
1221 2989 1271 3054 di·

178 3118 310 3163 uersum
336 3099 379 3162 ab
401 3097 467 3174 bis,
493 3113 580 3179 quos
602 3096 635 3159 iu
661 3094 764 3178 priori
790 3093 957 3158 volumine
982 3091 1134 3175 ejusdem
1164 3093 1271 3156 nomi·

179 3201 231 3263 nis
243 3199 413 3266 diximus.’
456 3198 500 3262 Et
515 3213 644 3263 xxvii.
657 3197 712 3261 lt.
725 3198 767 3262 de
783 3195 1028 3276 Litbospermo,
1043 3194 1129 3258 idem
1142 3195 1271 3280 inquit:

182 3305 191 3335 ‘
204 3301 227 3366 J
230 3321 325 3365 acere
340 3314 441 3384 atque
453 3300 545 3364 humi
561 3319 696 3382 serpere
711 3305 864 3364 auctores
879 3296 1031 3360 tradunt:
1055 3315 1118 3378 ego
1131 3299 1271 3374 vulsum,

180 3423 248 3467 non
263 3404 441 3468 haerentem
456 3399 548 3464 vidi!
591 3399 749 3482 Ejusdem
762 3417 841 3463 uero
856 3397 1086 3478 libricap.13·
1102 3398 1172 3462 ait:
1196 3398 1272 3462 ‘Do

180 3503 291 3574 herbis
303 3501 437 3584 quidem
452 3500 614 3564 memoria
627 3499 727 3581 digua
742 3499 902 3562 hactenus
917 3503 976 3560 aut
989 3496 1191 3579 accepimus,
1213 3507 1273 3562 aut

183 3600 427 3689 comperimus!
470 3601 582 3666 Missa
596 3601 688 3666 facio
710 3600 806 3684 plura
827 3599 896 3662 alia
915 3598 1002 3676 loca,
1019 3617 1086 3662 uno
1105 3598 1170 3664 boo
1194 3619 1272 3665 con·
1353 3602 1359 3608 ’

181 3714 310 3784 tentus,
337 3705 396 3788 qui
425 3703 506 3768 Nat.
531 3703 624 3768 Hist.
640 3718 731 3766 xxv.
751 3703 783 3767 2.
806 3703 856 3766 sic
877 3702 999 3765 habeta
1021 3699 1157 3765 ‘Nobis
1172 3710 1273 3781 certe,

182 3807 337 3891 exceptis
359 3803 539 3870 admodum
561 3806 682 3888 paucis
702 3805 872 3890 stirpibus,
888 3803 1024 3883 contigit
1044 3802 1170 3884 reliqua
1192 3822 1274 3868 con-

182 3909 339 3994 templari
364 3906 508 3972 scientia
534 3905 675 3972 Antonii
700 3907 866 3984 Castoris,
894 3905 949 3969 cui
976 3919 1108 3967 summa
1129 3905 1275 3968 auctori-

183 4020 236 4079 tas
264 4014 336 4074 crat
358 4007 394 4071 in
423 4026 464 4072 ea
491 4014 583 4091 parte
610 4014 720 4073 nostro
747 4027 832 4087 uero,
861 4005 1003 4070 visendo
1031 4002 1164 4068 hortulo
1188 4004 1274 4086 ejus,

185 4115 310 4196 inquo
331 4109 495 4193 plurimas
527 4109 650 4188 alebat,
672 4112 887 4176 centesimum
918 4106 1032 4172 aetatis
1062 4113 1185 4170 annum
1214 4125 1275 4170 ex-

187 4213 322 4290 cedens,
358 4211 480 4276 nullum
506 4212 654 4295 corporis
688 4213 809 4277 malum
837 4215 1007 4292 expertus
1038 4225 1078 4272 ac
1108 4225 1148 4273 ne
1171 4215 1273 4274 atate
