3054 4876
553 399 640 447 unu.
664 401 760 450 uisu.
786 404 856 452 nin.
881 407 904 452 ι.
1202 395 1269 460 229

186 559 248 609 nn.
402 543 454 607 De
468 535 695 622 oculis2'Quee
710 547 782 611 sine
797 549 904 614 oculis
918 551 1090 620 animalis:
1113 575 1188 639 quae
1205 557 1270 620 sin·
1391 545 1393 550 ’

440 645 538 727 gulos
551 645 668 711 oculos
682 651 808 713 tantum
823 651 977 718 habeant.

186 761 266 811 nul.
402 746 456 810 De
473 745 664 812 diversitate
677 749 859 815 oculorum.

185 853 260 912 niv.
398 845 487 926 Quae
500 850 701 915 ratiovisus.
746 851 859 918 Noctu
873 855 1031 921 videntes.

186 965 244 1013 nv.
383 949 454 1043 ·De
468 956 583 1015 natura
598 953 746 1036 pupilles.
791 954 880 1033 Qum
894 974 961 1020 non
976 960 1206 1028 conniveant.¹

184 1067 259 1115 nvi.
400 1051 453 1116 De
466 1051 645 1136 palpebris,
658 1060 692 1120 et
705 1057 826 1139 quibus
841 1077 905 1123 non
921 1061 1006 1125 sint:
1029 1062 1147 1144 quibus
1163 1065 1206 1130 ab
1221 1067 1270 1130 al·

440 1162 513 1219 tera
526 1160 654 1222 tautum
669 1163 772 1240 parte.

183 1269 274 1320 svn.
398 1253 535 1334 Quibus
550 1275 640 1341 gente
655 1277 719 1323 nou
731 1261 807 1327 siut.

185 1371 292 1420 naun.
401 1357 454 1422 De
469 1359 576 1424 malis.

187 1474 267 1522 nux.
404 1461 457 1526 De
470 1460 618 1525 nuribus.

184 1575 249 1624 nx.
403 1561 456 1626 De
469 1563 597 1640 buccis,
611 1563 723 1641 labris,
738 1565 865 1640 mentis,
880 1563 1035 1630 maxillis.

186 1677 265 1726 uxi.
403 1663 457 1729 De
469 1662 639 1728 dontibus:
665 1660 754 1741 Quae
769 1681 890 1746 genera
909 1683 1042 1731 eorum:
1065 1668 1186 1751 quibus
1201 1687 1270 1769 nop

441 1769 584 1847 utraque
599 1770 693 1847 parte
709 1763 796 1830 sint:
811 1766 935 1849 quibus
950 1770 1038 1833 cavi.

186 1880 281 1929 nxn.
404 1866 456 1929 De
471 1865 669 1948 serpentium
683 1866 854 1932 dentibus:
876 1867 920 1930 de
930 1888 1052 1934 veneno
1063 1889 1182 1937 eomm.
1206 1869 1269 1936 Cui

439 1968 564 2032 volucri
580 1966 704 2032 dentes.

187 2085 298 2134 extu.
403 2068 572 2133 Mirabilia
585 2068 740 2133 dentium.

186 2186 292 2236 ixit.
403 2171 501 2235 AEtas
516 2168 754 2234 animantiuml
770 2169 813 2250 ab
828 2169 891 2232 bis.

187 2289 278 2336 nxv.
402 2273 595 2354 Bolingae,
618 2279 653 2336 et
667 2292 743 2354 ques
760 2269 831 2336 sine
846 2291 906 2337 ea:
930 2269 972 2334 do
996 2287 1149 2334 ranarum
1172 2285 1267 2333 sono.

440 2373 493 2438 De
507 2373 632 2457 palato.

187 2491 294 2540 exvu.
402 2472 454 2538 De
470 2473 623 2538 tonsillis.
667 2472 754 2548 Uva,
769 2473 961 2555 epiglossis‚
977 2471 1119 2551 arterioe,
1135 2472 1221 2556 gula.

189 2593 310 2642 uxvn.
402 2575 536 2654 Gensis,
550 2576 686 2652 collum,
702 2577 811 2660 spina.

188 2692 325 2743 nxvnu.
404 2676 538 2755 Guttur,
553 2676 680 2755 lauc'es,
695 2678 897 2743 stomachus.

187 2794 296 2844 ιω.
403 2777 580 2856 Decumo,
597 2779 769 2861 sanguine,
785 2781 908 2843 animo.

188 2897 284 2946 ιιι.
406 2877 539 2958 Quibus
565 2882 713 2945 maxima
735 2879 855 2944 corda:
879 2881 999 2963 quibus
1025 2881 1177 2947 minima:
1200 2881 1271 2963 qui·

445 2982 509 3046 bus
522 2981 612 3046 bins.

189 3101 301 3151 nxxi.
409 3081 557 3161 Quando
573 3084 833 3168 inextisuspioi
849 3088 976 3166 coepta.

189 3202 315 3252 nxxu.
407 3183 460 3246 De
471 3184 645 3267 pulmone:
669 3192 703 3249 et
717 3185 838 3266 quibus
853 3184 1032 3260 maximus,
1042 3183 1162 3264 quibus
1176 3181 1271 3246 mini·

442 3303 536 3348 mus:
559 3285 681 3366 quibus
699 3285 781 3349 nibil
801 3283 890 3349 aliud
906 3303 1004 3367 quam
1026 3283 1140 3366 pulmo
1165 3284 1270 3347 intus:

441 3403 517 3470 quae
532 3403 637 3450 causa
651 3384 840 3450 velocitatis
853 3384 1052 3448 animalium.

188 3505 330 3554 nxxln.
408 3486 461 3551 De
471 3486 636 3570 jocinere,
647 3494 682 3550 ot
696 3485 819 3569 quibus
835 3481 1047 3562 animalibus,
1057 3490 1091 3549 et
1103 3484 1139 3547 iu
1150 3484 1271 3567 quibus

443 3589 527 3652 loeis
542 3587 794 3671 bins-jocinere.

187 3708 325 3760 nxxlv.
410 3691 462 3754 Do
475 3690 569 3754 folle:
592 3690 661 3766 ubi,
683 3697 717 3754 et
728 3687 763 3752 in
777 3686 902 3771 ¹quibus
918 3683 1093 3766 geminum.
1138 3680 1272 3760 Quibus

445 3791 636 3856 animalium
659 3809 725 3856 non
747 3791 808 3854 sit:
831 3787 1002 3870 atquibus
1022 3785 1102 3849 olibi
1118 3803 1216 3866 quum
1238 3785 1272 3847 iu

442 3893 601 3976 jocinere.

678 4032 787 4086 NOTAE

220 4160 233 4187 ⁸
251 4150 405 4214 emineant]
420 4150 712 4214 Moueollumutmnls.
752 4160 810 4197 eum
829 4145 855 4194 in
874 4145 937 4196 llus.
954 4153 1089 4207 perpetum
1103 4136 1273 4190 statuentium

220 4221 423 4290 leumiim]
450 4225 493 4276 ltu
511 4223 711 4288 emendatum,
750 4223 860 4287 legatur.
