3006 4874
234 329 298 392 104
577 341 625 390 nn
648 341 679 391 n.
705 341 819 390 rnrnrr
848 337 983 390 anunm

236 486 340 562 luerit',
356 505 454 567 quem
470 485 535 569 ipsi
552 487 731 569 quotannis
746 485 838 548 edito
853 486 934 550 dore
954 489 1071 550 natura
1091 487 1183 548 esset
1202 499 1323 564 errprod

236 588 384 664 bratura,
399 606 474 650 eum
496 607 559 670 ego
580 593 688 651 mente
710 592 841 670 captum
858 607 946 664 esse,
961 594 1063 670 atque
1079 587 1221 651 insanire
1248 587 1323 650 dix-

238 690 330 766 erim,
347 688 443 772 quasi
460 707 536 752 vem
554 689 703 765 seminis,
725 688 828 758 floris.
850 707 890 753 ac
913 690 1019 754 caulis
1036 690 1242 766 mentionem,
1265 696 1325 755 aut

236 790 338 853 etiam
361 789 544 855 universam
566 788 790 872 Tussilaginis
815 791 996 867 historiam,
1023 790 1157 854 meliore
1179 790 1323 855 consilio

237 892 402 975 praeterire
415 911 480 954 non
496 893 648 974 potuerit,
671 911 731 955 nec
754 900 822 955 tam
837 892 948 975 inepta
972 898 1042 957 arte
1064 897 1164 975 atque
1186 890 1326 956 ridicula

238 993 281 1076 ad
310 992 447 1074 gloriam
471 998 646 1076 tantopere
675 995 859 1075 expetitam
886 993 1045 1077 aspirare.
1104 991 1225 1075 Neque
1247 1011 1326 1056 vero

237 1101 301 1171 est,
315 1098 353 1157 ut
367 1094 480 1156 dicant
495 1093 703 1158 Praelationis
717 1094 831 1175 operis
848 1093 1022 1157 lectionem
1034 1091 1177 1156 Plinium
1189 1092 1326 1174 neglex-

238 1197 320 1273 isse,
334 1197 369 1259 in
383 1215 452 1277 qua
466 1195 507 1259 de
524 1195 630 1272 caule,
652 1195 744 1272 flore,
767 1201 803 1257 et
818 1195 940 1257 semine
954 1193 1178 1274 Tussilaginis
1192 1193 1225 1256 io
1240 1193 1325 1257 auti-

238 1315 324 1380 quos
337 1297 513 1378 scriptores
533 1295 748 1359 Dioscorides
768 1294 1012 1371 animadvertit,
1029 1314 1104 1359 cum
1117 1292 1234 1359 eadem
1249 1313 1326 1360 cen·

239 1414 317 1459 sura
337 1397 371 1459 in
391 1395 530 1460 historia
549 1395 771 1476 Tussilaginis
793 1393 884 1476 apud
908 1395 1140 1459 Dioscoridem
1161 1396 1244 1459 libro
1269 1413 1325 1458 rrr.

239 1497 379 1578 legatur,
395 1515 471 1580 quae
483 1495 575 1560 nullo
590 1503 690 1579 pacto
707 1495 849 1559 Plinium
866 1503 973 1558 cetera
988 1497 1207 1560 ascribentem
1223 1497 1326 1561 latere

240 1598 360 1681 potuit,
375 1597 590 1678 complantes
605 1596 735 1660 Scordii
750 1604 784 1660 et
799 1594 989 1660 Artemisiae
1003 1596 1122 1659 iisdem
1138 1615 1241 1680 prope
1253 1617 1327 1661 ver-

240 1697 1328 1788 bis,quibosDioscorides,historiampersecutussit‚quarumnna

241 1799 430 1863 immediate
444 1797 662 1881 'l'ussilaginis
677 1798 849 1862 historiam
870 1798 1038 1882 praecedit,
1060 1798 1163 1862 altera
1176 1799 1327 1881 proxime

242 1899 402 1976 succedit,
416 1909 530 1964 utnon
547 1901 591 1964 sit
604 1901 699 1964 locus
710 1900 907 1972 adversariis
923 1900 966 1963 ad
980 1900 1064 1963 hanc
1078 1900 1326 1982 responsionem

152 2059 156 2064 .
243 1983 464 2082 confugiendi.
507 2001 641 2080 Quibus
657 1999 881 2065 tamenetiam
895 2001 930 2063 in
943 2000 1007 2064 hac
1023 2001 1256 2065 obsecuturum
1271 2019 1348 2076 me,

133 2171 136 2178 ,
242 2101 357 2166 libenti
380 2105 490 2167 animo
514 2104 686 2186 polliceor,
700 2111 736 2168 ut
748 2103 855 2167 fatear
868 2102 931 2167 hoc
946 2107 1047 2185 caput
1060 2101 1280 2182 Tussilaginis
1295 2102 1328 2166 in

244 2204 443 2268 Dioscoride
459 2203 604 2268 Plinium
619 2224 683 2268 non
698 2203 844 2284 vidisse;
865 2223 932 2288 qua
947 2204 1073 2268 ratione
1086 2204 1131 2266 sit
1144 2199 1280 2280 lactum,
1293 2209 1330 2270 ut

243 2306 419 2386 impegerit
440 2305 473 2367 in
494 2325 702 2370 communem
723 2325 877 2382 errorem,
897 2305 1066 2387 professus
1084 2304 1170 2366 hene
1184 2303 1329 2385 plantam

245 2407 340 2468 ceule
354 2405 499 2488 floreque
513 2428 586 2471 esse
600 2408 814 2486 destitutam
832 2408 930 2470 modo
949 2407 1029 2470 mihi
1049 2406 1096 2470 illi
1111 2404 1331 2488 respondeant

245 2507 343 2589 cujus
366 2506 434 2570 siut
456 2527 611 2572 numerus
632 2509 797 2586 loliorum,
818 2509 919 2584 color,
939 2515 973 2571 et
994 2507 1097 2588 ligura
1110 2505 1330 2587 Tussilaginis

243 2607 382 2672 totidem
398 2609 508 2682 verbis
522 2610 703 2692 inutraque
718 2611 876 2692 scriptore
890 2609 999 2672 Plinio
1012 2615 1046 2671 et
1059 2605 1257 2671 Dioscoride
1272 2625 1330 2670 ex·

245 2709 364 2790 pressi,
378 2707 533 2793 hujusne,
556 2729 599 2773 an
619 2709 729 2788 Plinii,
750 2710 803 2773 uel
825 2708 998 2792 cujusdam
1021 2707 1115 2773 tertii.
1159 2708 1200 2771 ln
1216 2712 1331 2771 aucto·

246 2827 315 2872 rem
331 2809 487 2888 Plinium,
504 2831 603 2894 quem
624 2811 709 2876 adeo
728 2811 944 2887 insectentur,
967 2809 1036 2873 scio
1057 2826 1123 2871 noo
1148 2825 1225 2871 esse
1244 2807 1330 2870 hano

246 2917 375 2993 partem
391 2912 563 2990 relaturos,
586 2912 674 2996 quod
696 2912 768 2976 fieri
783 2932 847 2976 non
862 2917 976 2995 potest
989 2911 1060 2974 sine
1076 2909 1214 2973 crimine
1231 2909 1331 2973 Dios·

247 3011 384 3091 coridis,
396 3013 485 3096 apud
497 3033 595 3096 quem
604 3015 718 3078 eedem
728 3014 845 3096 legitur
853 3015 968 3077 iisdem
978 3011 1099 3089 verbis,
1110 3010 1205 3094 cujus
1218 3013 1246 3074 si
1256 3030 1332 3094 pro·

247 3114 319 3194 pria
329 3115 383 3190 sit,
392 3133 466 3178 curn
476 3115 509 3178 in
520 3113 632 3178 Plinio
642 3121 888 3192 extet,necesse
898 3121 986 3178 esset
997 3111 1247 3176 exDioscoride
1257 3129 1332 3178 eam

248 3233 324 3277 esse
337 3215 581 3297 transcriptam,
596 3235 637 3280 ac
653 3215 740 3298 quod
757 3217 849 3300 prius
869 3215 1053 3294 negabatur
1065 3213 1172 3289 lateri,
1187 3211 1332 3277 Plinium

248 3313 471 3397 Tussilaginis
484 3315 654 3380 historiam
667 3318 698 3398 ip
713 3316 911 3380 Dioscoride
925 3316 1048 3396 legisse
1063 3332 1237 3379 censuram
1254 3334 1332 3378 con·

248 3416 419 3492 tinentem,
434 3416 488 3479 cui
504 3435 541 3479 se
555 3418 735 3480 obnoxium
751 3415 882 3480 Plinius
899 3436 965 3480 non
980 3417 1123 3480 lecisset.
1159 3414 1246 3478 Illud
1257 3416 1333 3480 reli·

250 3533 352 3596 quum
367 3521 430 3593 est,
445 3525 482 3580 ut
496 3516 667 3592 affirment,
682 3515 773 3597 quod
783 3536 844 3598 ege
858 3537 990 3601 quoque
1005 3517 1100 3581 facile
1115 3515 1275 3591 concedo,
1290 3535 1333 3580 ex
1420 3573 1427 3592 ,

249 3617 348 3680 tertio
371 3617 684 3699 quodamauctore,
709 3636 807 3698 quam
834 3627 968 3701 uterque
989 3619 1111 3698 'legerit
1137 3616 1266 3681 Plinius
1293 3635 1334 3680 ac

252 3717 478 3786 Dioscorides,
497 3715 568 3780 haec
588 3737 754 3781 manasse.
797 3717 886 3796 Quae
902 3721 932 3782 si
953 3724 1131 3795 remeunt,
1148 3703 1334 3794 Patres,ac

250 3819 448 3893 necessaria,
473 3817 501 3880 si
522 3827 715 3900 argumenta
736 3819 948 3897 inconcussa,
972 3829 1073 3903 atque
1099 3817 1273 3901 ejusmodi,
1299 3825 1336 3884 ut

250 3922 371 3984 nisiab
387 3920 586 4001 improbust
604 3920 773 3984 obstinato
795 3921 921 3984 homine
944 3919 1059 4002 negari
1078 3925 1258 4001 nequeant,
1281 3938 1333 3983 se·
1445 3975 1449 3983 .

252 4024 373 4102 quitur,
386 4030 426 4084 ut
440 4019 571 4083 Plinius
586 4027 699 4084 noster
713 4020 839 4086 idcirco
852 4021 1000 4086 damnari
1008 4040 1073 4085 oon
1085 4019 1243 4095 debuerit,
1255 4021 1335 4102 quia

251 4117 325 4186 haec
340 4122 374 4184 in
387 4141 428 4186 eo
443 4124 576 4187 verbum
591 4121 633 4186 de
652 4123 753 4187 verbo
776 4141 821 4188 ex
840 4123 916 4189 aliis
931 4122 1103 4208 exscripta
1116 4120 1334 4216 inrepiantur,
