3006 4874
452 424 584 476 suerro
609 427 649 476 rr.
672 427 785 477 rrum
810 427 993 478 crosnnu.
1205 411 1270 480 125

186 573 356 640 ascribens
370 571 452 636 lolia
466 571 641 655 Seitaregi,
653 571 718 637 hoc
733 573 866 637 nomine
886 573 1060 658 lepidium
1074 572 1269 656 intelligens,

185 675 277 759 quod
292 691 429 738 necesse
444 679 497 738 est
509 671 575 737 tale
590 675 775 756 accepisse,
789 673 888 757 quale
901 673 1119 738 Dioscorides
1127 692 1203 738 esse
1212 695 1270 740 vo·

183 777 247 841 lnit
266 774 433 840 Nastnrtii
447 774 542 851 tolio,
558 773 587 838 si
607 793 686 838 vera
708 775 812 838 sensit
826 773 1037 852 Matthiolus‚
1052 773 1151 858 cujus
1164 775 1270 859 placi·

184 883 257 939 tum
270 875 336 939 fuit
351 876 500 940 Drebam
514 874 594 939 t'olio
615 873 795 940 Nesturtio
817 875 958 940 similem
973 893 1057 948 esse,
1072 875 1270 941 dissimilem

184 995 260 1041 esse
276 976 428 1059 sequitur
437 974 537 1040 valde
554 977 597 1040 ab
612 994 652 1040 es
665 976 791 1058 plaute,
806 977 906 1062 eujus
919 977 995 1058 ipse
1009 975 1147 1060 figuram
1163 979 1269 1043 suein

184 1095 285 1159 opere
296 1075 440 1158 imprimi
456 1074 594 1140 curavit.
638 1075 704 1140 Sed
719 1075 783 1140 hoc
803 1077 911 1141 obiter
930 1077 976 1141 sit
989 1076 1137 1140 dictum:
1170 1077 1269 1142 redeo

183 1177 224 1241 ad
241 1196 394 1261 pensum.
436 1175 579 1241 Iberidis
601 1176 773 1241 historiam
795 1177 830 1240 in
857 1177 1053 1242 Dioscoride
1073 1196 1139 1242 uon
1163 1179 1270 1244 abnn-

93 1301 96 1306 ’
183 1277 262 1342 dere
276 1277 570 1354 demonstraturus,
579 1278 705 1361 quippe
720 1297 796 1361 qum
807 1279 851 1342 eb
864 1276 1022 1344 Oribasio
1032 1278 1121 1343 libro
1131 1277 1267 1345 collect

184 1393 240 1440 xr.
256 1397 302 1441 ex
317 1375 518 1441 Dioscoride
531 1376 651 1440 iisdem
665 1379 776 1442 verbis
788 1384 990 1456 recensetur,
1005 1378 1130 1460 quibus
1144 1379 1270 1445 descri-

182 1479 271 1544 bitur
284 1497 306 1544 a
321 1477 532 1542 Dioscoride.
576 1477 626 1542 Ea
641 1499 774 1562 quoque
793 1479 986 1563 eLepidio,
1008 1480 1039 1544 si
1053 1481 1130 1562 quis
1144 1481 1269 1545 utrius-

182 1599 247 1665 que
260 1577 437 1643 facultates
451 1584 486 1643 et
498 1579 737 1663 descriptiones
762 1587 917 1645 accurate
938 1578 1137 1664 perpendat,
1152 1579 1268 1647 distin·

182 1683 307 1762 guitur:
338 1679 423 1743 adeo
449 1698 591 1764 namque
614 1681 729 1761 ignota
754 1681 862 1745 Iberis
882 1688 963 1757 erat,
977 1681 1102 1765 atejus
1116 1681 1267 1746 inventio

183 1781 377 1846 Democrati
391 1781 435 1845 nb
452 1781 605 1846 omnibns
620 1781 818 1860 ascribetur,
832 1799 854 1845 e
874 1781 1006 1864 quibus,
1029 1779 1148 1845 iisdem
1168 1783 1267 1846 etiarn

183 1882 301 1957 verbis,
323 1883 445 1964 quibus
468 1900 490 1946 e
514 1881 727 1958 Democrate,
751 1887 1026 1964 repraesentatur:
1060 1899 1103 1945 ex
1127 1881 1267 1945 adverso

182 1969 400 2046 Dioscorides
415 1983 499 2046 inter
512 1981 645 2065 plantes
663 1982 813 2062 vulgares
828 1988 863 2044 et
877 1982 1030 2045 omnibns
1054 1985 1150 2044 notas
1166 1982 1268 2064 Lepi·

181 2082 271 2146 dium
287 2082 391 2159 refert,
406 2083 502 2167 cujus
517 2083 561 2148 ob
575 2083 662 2147 banc
677 2101 816 2147 cansam
831 2082 1086 2164 descriptionem
1101 2083 1267 2166 neglexit:

181 2181 269 2246 idem
281 2184 316 2248 in
331 2183 427 2247 cibos
437 2183 618 2254 admissum
631 2184 760 2259 scribit,
772 2184 938 2265 inquiens,
952 2188 961 2216 ¹
975 2183 1082 2244 muris
1097 2199 1171 2244 eum
1181 2181 1267 2246 lacte

182 2285 305 2348 serrari
317 2283 335 2349 :’
356 2283 414 2348 sed
430 2282 553 2349 clarius
572 2283 656 2348 libro
672 2288 789 2366 quarto
808 2283 843 2345 in
860 2281 964 2345 altera
979 2279 1175 2360 Clemetide,
1189 2301 1267 2346 cnm

181 2385 249 2449 ait:
271 2391 282 2422 ‘
295 2385 377 2468 Ipsa
389 2385 459 2450 sale
471 2403 547 2450 cum
561 2378 702 2467 Lepidis
715 2381 879 2460 conditur,
890 2388 925 2446 et
936 2387 1085 2446 servatur
1097 2382 1139 2445 ed
1153 2379 1268 2448 cibos!

182 2485 235 2550 De
251 2485 384 2550 Iberide
398 2504 562 2570 nusquam
576 2485 715 2567 legimus
730 2483 835 2546 fuisse
854 2481 1065 2558 esculentam,
1079 2499 1140 2545 nec
1154 2483 1267 2546 verisi-

181 2587 259 2652 mile
274 2592 325 2651 est
347 2588 499 2670 protinus
522 2587 690 2650 inventam
713 2605 735 2648 a
755 2581 953 2649 Democrute
972 2582 1059 2645 inter
1076 2581 1171 2646 cibos
1193 2601 1267 2647 esse

180 2695 359 2772 receptam,
382 2695 442 2752 aut
462 2685 696 2770 Archigenen,
718 2683 897 2760 Gelenum,
919 2681 972 2744 rel
998 2681 1141 2746 Paulum
1162 2681 1267 2746 inisse

180 2787 246 2852 boc
262 2787 498 2870 praeterituros.
541 2785 635 2851 Usus
658 2785 759 2848 etiam
780 2783 919 2847 medicis
933 2788 1103 2872 utramque
1118 2781 1266 2866 plantam

180 2889 358 2971 distinguit,
375 2887 516 2951 lberidis
530 2886 660 2951 radices
674 2903 748 2948 cum
761 2884 904 2963 axungia
921 2880 963 2945 ad
979 2881 1129 2944 dolorem
1140 2898 1266 2944 coxen-

179 2989 266 3052 dicis
281 2988 465 3052 sauaudum
480 2986 684 3064 adhibentur,
698 3003 803 3068 penes
816 2984 1050 3048 Democratem
1064 2987 1266 3063 ceterosque,

178 3109 266 3172 qnos
280 3090 433 3172 proxime
447 3088 699 3163 nominavimus,
714 3085 919 3161 medicos,et
934 3102 1018 3160 eam,
1028 3100 1106 3165 quae
1116 3081 1152 3145 in
1167 3080 1265 3145 Dios-

181 3190 292 3255 coride
306 3189 434 3271 legitur,
448 3189 710 3271 descriptionem.
742 3186 901 3271 Ejusdem
915 3184 1036 3249 doloris
1047 3201 1152 3246 ceusu
1165 3181 1266 3246 Dios·

180 3291 312 3355 corides
346 3288 478 3372 Lepidii
506 3287 590 3352 solia
617 3308 693 3353 cum
724 3287 839 3353 Irnliae
868 3285 1037 3352 radicibus
1067 3287 1142 3346 tusa
1165 3281 1267 3364 jubet

179 3390 369 3456 admoveri:
392 3409 466 3456 oum
486 3391 599 3454 Plinio
621 3407 712 3467 vero,
726 3393 760 3452 et
775 3388 851 3452 aliis
865 3385 1030 3449 nonnullis
1044 3383 1078 3446 in
1093 3381 1265 3446 affectibus

179 3493 223 3556 eb
238 3492 281 3556 iis
295 3492 445 3570 diversis,
459 3508 600 3574 qnorum
620 3488 839 3554 sanandorum
855 3503 1046 3550 causacum
1063 3482 1182 3548 ceteris
1197 3499 1265 3546 me-
1376 3491 1382 3500 ⁴

179 3593 268 3658 dicis
291 3593 470 3675 Plinioque
495 3591 661 3656 lberidem
684 3589 903 3654 Democrates
924 3585 1085 3652 leudevit.
1129 3584 1182 3649 De
1200 3583 1265 3648 Le·

179 3693 265 3778 pidr'i
286 3695 410 3759 viribus
432 3693 548 3758 eadem
565 3691 695 3756 Plinius
716 3690 845 3768 scribit,
856 3705 942 3771 ·quae
964 3685 1184 3751 Dioscorides
1204 3684 1264 3748 lib.

181 3794 265 3860 Nat.
281 3793 375 3860 Hist.
390 3809 459 3858 xx.
473 3793 527 3858 17.
549 3791 657 3856 eidem
671 3790 754 3855 solia
767 3789 854 3854 lauri
869 3787 984 3854 tribuit
1004 3787 1063 3850 lib.
1079 3801 1166 3848 xrx.
1182 3801 1266 3868 quo·

181 3917 258 3962 cum
276 3895 405 3961 Paulus
420 3893 571 3977 AEgineta
586 3909 641 3956 ιιι.
657 3893 712 3957 77.
734 3889 900 3966 convenit,
914 3887 1072 3952 stlocum
1087 3885 1172 3949 inter
1192 3885 1265 3947 ber-

179 3999 242 4063 bns
267 3997 436 4062 bortornm
456 4001 553 4079 etque
566 3993 757 4059 esculentas
771 3987 964 4072 assignavit,
980 3982 1211 4061 Columellam,
1225 3992 1265 4048 ut

180 4101 333 4177 arbitror,
349 4103 483 4163 secutus
503 4097 564 4162 lib.
587 4096 629 4160 de
646 4093 700 4160 Re
714 4092 858 4159 Rustica
874 4105 913 4154 x.
934 4089 1018 4153 inter
1037 4085 1168 4169 plantas
1190 4085 1265 4150 bor·

180 4210 297 4266 tenses
311 4199 362 4263 bis
377 4199 577 4264 canninibus
591 4201 833 4262 recensentem:
