3006 4874
509 371 558 418 nu
582 373 614 420 c.
636 374 765 424 rurruo
789 376 973 430 suouuno.
1220 377 1284 443 151

194 510 450 594 comprehendit.
495 512 579 578 Item
608 516 783 586 Naturalis
806 519 970 590 Historiae
993 525 1129 609 triginta
1149 541 1282 616 septem

191 613 297 677 libros
310 613 468 679 absolvit.
509 615 615 681 Periit
636 618 733 686 clade
756 621 962 708 Campaniae.
1006 628 1193 698 Nemeum
1216 635 1284 703 Mi-

192 715 328 778 senensi
342 714 447 779 classi
462 723 634 798 praeesset,
648 726 681 784 et
699 720 860 806 flagrante
875 726 1025 809 Vesevo,
1040 731 1084 795 ad
1106 734 1285 819 exploran-

193 815 257 879 das
270 816 407 898 propius
422 834 555 895 causas,
565 819 748 888 liburnicas
762 829 1008 910 praetendisset,
1027 853 1152 919 ¹neque,
1168 839 1284 906 adver-

192 917 346 981 santibus
362 919 481 996 ventis,
495 939 640 985 remeare
653 933 789 1007 posset3
810 927 845 991 vi
860 930 1005 1011 pulveris
1020 953 1061 1000 ac
1076 935 1201 1004 larillae
1222 961 1282 1026 op-

191 1037 329 1101 pressus
338 1027 410 1084 este
431 1021 497 1097 vel,
510 1026 545 1086 ut
556 1024 691 1106 quidam
702 1028 902 1107 existimant,
913 1051 936 1096 a
946 1053 1043 1100 servo
1059 1055 1122 1102 suo
1134 1042 1280 1122 occisus,

192 1138 301 1201 quem,
315 1120 476 1186 deficiens
491 1131 589 1202 aestu,
604 1131 641 1190 ut
654 1145 767 1192 necem
779 1129 843 1195 sibi
857 1140 1047 1214 maturaret,
1062 1143 1239 1208 oraverat*

275 1535 318 1600 A.
341 1535 485 1613 Gellius,
509 1537 667 1604 Noctium
684 1539 872 1605 Atticarum
895 1543 954 1608 lib·
970 1561 1025 1611 ιιι.
1041 1567 1116 1632 cap.
1131 1550 1185 1615 16.

230 1651 353 1717 Visum
374 1659 424 1718 est
445 1673 513 1718 nou
534 1659 807 1739 praetereundum,
823 1661 915 1743 quod
937 1664 974 1727 in
996 1664 1099 1731 Plinii
1128 1667 1274 1737 Secundi

186 1755 273 1819 libro
288 1755 431 1837 septimo
447 1756 622 1822 Naturalis
638 1755 803 1826 Historia
818 1763 969 1844 legimus.
1015 1767 1056 1832 ld
1071 1774 1181 1835 autem
1196 1774 1276 1857 quia

186 1867 283 1921 extra
303 1855 401 1921 tidem
421 1877 494 1922 esse
516 1859 621 1923 videri
641 1867 766 1944 potest,
782 1865 885 1929 rerba
906 1868 1013 1949 ipsius
1036 1868 1140 1937 Plinii
1160 1876 1276 1956 posui-

175 1977 278 2022 mus:
302 1957 494 2022 ‘Masurius
509 1968 628 2024 auctor
641 1961 715 2038 est,'
728 1967 789 2028 tac.
834 1964 966 2051 Nempe
981 1989 1000 2033 e
1013 1969 1109 2038 libro.
1119 1976 1273 2058 septimo,

183 2059 336 2124 sectione
350 2068 470 2141 quarta
484 2067 516 2126 et
530 2065 657 2145 quinta.
680 2073 684 2078 '
710 2083 713 2090 ·
742 2115 745 2124 .
863 2108 867 2118 «

530 2257 640 2336 Idem,
648 2259 705 2322 lib.
722 2276 772 2322 rx.
785 2278 861 2344 cap.
875 2263 908 2325 4.

224 2367 372 2437 Libitum
394 2381 503 2439 tamen
525 2384 577 2441 est
597 2377 633 2440 in
653 2376 732 2441 loco
753 2377 818 2442 hoo
840 2379 1070 2447 miraculorum
1096 2393 1211 2452 notare
1233 2388 1269 2453 id

179 2471 291 2551 etiam,
322 2475 564 2558 quodPliuius
587 2477 775 2557 Secundus,
804 2478 857 2544 vir
877 2481 912 2544 in
934 2485 1142 2568 temporibus
1159 2490 1271 2554 aetatis

180 2591 264 2652 suae,
279 2575 652 2663 ingeniidigoitatisque
667 2582 785 2662 gretia,
801 2584 997 2650 auctoritate
1010 2606 1131 2670 magua
1142 2589 1270 2673 praedi-

178 2680 243 2752 tus,
257 2695 321 2741 non
336 2677 483 2759 audisse,
493 2701 600 2765 neque
610 2681 744 2766 legisse,
756 2683 815 2748 sed
830 2686 914 2750 scire
929 2705 1003 2752 sese
1017 2693 1119 2773 atque
1134 2692 1269 2773 vidisse,

117 2783 118 2788 ’
176 2775 213 2839 iu
226 2778 496 2847 libroNaturalis
507 2784 668 2850 Historiae
677 2785 822 2867 septimo
837 2789 986 2872 scripsit,
995 2792 1055 2855 &o
1092 2792 1267 2878 (Sectioue

177 2879 278 2944 tertia
288 2879 447 2964 scilicet.)
1146 2883 1149 2889 ’

453 3007 455 3012 ’
517 3047 623 3126 reem,
635 3048 693 3114 ue.
710 3063 760 3113 rx.
776 3067 854 3132 cap.
870 3049 923 3114 16.

219 3167 350 3244 Plinius
366 3166 537 3232 Secundus
561 3167 773 3232 existimatus
794 3172 844 3231 est
865 3187 939 3233 essa
961 3173 1073 3236 aetatis
1098 3191 1170 3239 suae
1185 3175 1264 3240 doc-

175 3274 334 3338 tissimus.
392 3271 429 3335 Is
452 3271 555 3335 libros
582 3270 726 3352 reliquit,
756 3289 844 3352 quos
868 3270 1097 3338 Studiosorum
1120 3276 1264 3362 iuscrip-

114 3375 116 3378 ’
173 3377 228 3453 sit,
243 3373 332 3438 haud
347 3372 475 3438 medius
489 3371 589 3435 lidius
608 3389 850 3454 usquequaque
870 3375 1104 3454 aspernandos.
1150 3375 1190 3439 In
1207 3377 1261 3442 his

173 3475 267 3541 libris
296 3475 398 3540 multa
427 3475 518 3538 varie
539 3472 583 3536 ad
612 3471 829 3536 oblectandas
857 3471 1063 3537 eruditorum
1093 3474 1262 3543 bominum

172 3597 271 3643 aures
296 3577 403 3661 pouit.
446 3575 563 3638 Refert
585 3575 688 3638 etiam
706 3573 883 3658 plerasque
902 3575 1092 3654 sententias,
1115 3597 1202 3662 quas
1224 3579 1260 3644 in

171 3679 398 3746 declamandis
431 3671 668 3743 controversiis
705 3675 817 3758 lepide
847 3683 1028 3761 arguteque
1064 3678 1172 3744 dictas
1197 3700 1278 3765 pur

171 3787 233 3859 tat,
248 3783 308 3846 &a

201 3929 214 3964 ι
230 3927 313 3980 codd.
327 3928 410 3992 Regg.
420 3941 462 3992 ap.
473 3925 578 3978 Brotier
588 3925 694 3990 insuper
733 3925 808 3984 liber,
818 3925 862 3990 qui
874 3925 957 3977 ludex
969 3939 1067 3979 xxxrr.
1081 3926 1204 3979 librorum
1220 3945 1259 3982 re·

170 4005 285 4056 addunt:
302 4006 311 4033 ‘
326 4004 378 4054 llic
400 4004 426 4053 in
446 4003 486 4053 lris
508 4001 579 4052 libris
602 4001 693 4065 viginti
735 4002 877 4065 quentium,
905 4005 1148 4054 consummationem
1179 4007 1259 4058 totlur

168 4081 249 4132 millia
267 4093 352 4130 rerum
368 4079 501 4144 dignarum
518 4092 574 4127 earo
592 4091 626 4126 ex
640 4077 694 4126 lec·
734 4079 818 4140 operis
846 4086 874 4128 et
901 4078 1001 4142 species
1027 4079 1142 4130 eontinet
1170 4080 1258 4134 titulo·

108 4216 114 4232 ι
168 4159 238 4207 tione
251 4157 406 4208 voluminum
426 4155 531 4205 circiter
548 4151 626 4203 duum
638 4152 694 4202 mil·
735 4152 807 4204 rum!
905 4203 907 4208 ,

168 4233 229 4284 lium
240 4233 391 4298 completur
404 4237 454 4281 est.
489 4230 592 4281 Primus
607 4235 694 4280 auteur
798 4259 801 4266 ι
