3006 4874
253 364 316 438 110
589 377 638 428 na
661 379 693 426 c.
717 377 836 424 aaran
862 375 1002 426 rlrnra
1047 377 1050 386 ·

253 531 311 592 tus
323 523 428 606 primo
439 523 494 588 sni
505 521 644 606 imperii,
654 519 787 604 quintus
799 517 1030 584 secundosire
1038 535 1125 584 nono
1135 537 1196 584 sno
1208 518 1338 585 Consu·

253 627 335 702 latu,
349 645 491 707 quocum
505 622 684 698 secandus,
706 641 770 686 non
785 622 921 705 quintus
933 621 1133 686 Tribunitiaa
1155 625 1337 705 potestatis

253 745 359 792 annus
373 725 529 808 signatur.
573 724 718 788 Diversa
731 723 814 786 ratio
828 726 878 786 est
888 722 968 799 Titi,
978 741 1076 806 quem
1086 741 1202 788 omnes
1211 727 1337 788 nummi

252 832 331 894 ante
343 827 457 892 initum
471 825 643 908 imperium
659 824 854 905 participem
869 820 996 886 faciunt
1010 821 1207 888 Tribunitiae
1219 831 1337 906 potes·

253 927 345 1006 tatis,
365 936 406 992 ut
419 927 570 1002 arbitror,
585 943 671 990 anno
689 925 818 1006 imperii
834 925 888 988 sni
900 923 999 989 tertio
1012 942 1033 987 a
1046 931 1140 1006 patre
1155 927 1336 988 communi·

252 1033 361 1102 catara
376 1047 451 1093 cum
461 1045 563 1094 annos
576 1025 705 1109 imperii
718 1025 788 1090 Titi
797 1025 930 1091 ultimus
941 1025 1140 1090 Tribunitise
1156 1028 1335 1109 potestatis

251 1129 446 1200 undecimus
460 1146 564 1193 annus
583 1137 770 1190 numeretur
784 1124 819 1188 in
834 1121 930 1192 areis
943 1127 1098 1191 nummis.
1141 1127 1163 1192 J
1165 1147 1219 1192 arn
1233 1129 1336 1192 instar

253 1231 399 1304 omnium
410 1230 454 1294 sit
467 1228 548 1294 mihi
564 1227 692 1292 Plinius
706 1226 729 1291 J
731 1227 826 1292 unior
839 1227 873 1290 in
890 1225 1095 1309 Panegyrico
1105 1228 1251 1313 Trajano
1266 1229 1334 1294 dic·

251 1338 297 1406 bo,
317 1352 395 1412 non,
415 1333 505 1398 sicut
527 1330 634 1408 multi,
654 1330 769 1394 Titum
791 1337 979 1414 compatre
994 1329 1207 1413 Vespasiano
1228 1331 1332 1414 impe-

251 1453 344 1504 rasse
356 1435 512 1509 scribens,
528 1430 602 1506 sed,
622 1431 712 1496 sicut
731 1431 817 1494 alins
830 1448 938 1508 nemo,
954 1430 1060 1494 solum
1077 1449 1152 1494 cum
1164 1437 1259 1513 patre
1274 1433 1333 1496 inr-

249 1555 398 1622 parasse,
418 1534 561 1600 excluso
579 1533 783 1607 Domitiano,
798 1536 943 1595 testatus
968 1531 1019 1595 bis
1042 1531 1174 1596 verbis:¹
1197 1532 1332 1598 ‘Simul

250 1639 353 1716 iilius,
369 1637 469 1702 simul
485 1633 612 1709 Ceasar,
633 1653 713 1698 mox
736 1635 927 1716 imperator,
943 1637 976 1696 at
990 1651 1124 1697 consors
1138 1633 1332 1699 Tribunitiae

250 1739 436 1824 potestatis,
458 1744 494 1800 et
506 1735 620 1800 omnia
634 1735 757 1817 pariter
771 1733 880 1799 statim
895 1732 1007 1798 facms
1022 1753 1071 1810 es,
1087 1752 1164 1816 qnae
1179 1737 1332 1816 proxime

250 1858 370 1924 parens
392 1838 499 1902 Verus
520 1843 647 1901 tantum
669 1835 703 1898 in
726 1835 866 1898 alterurn
881 1833 984 1898 lilium
998 1831 1158 1899 contulit!
1203 1823 1352 1918 Vespa?

249 1942 381 2006 sianum
407 1946 517 2004 antem
546 1937 760 2017 intelligebat.
803 1935 937 2016 Quibus
968 1933 1176 2018 apertissime
1199 1923 1334 2002 constat

210 2045 211 2050 ’
250 2059 326 2104 cum
340 2047 437 2123 patre
457 2037 683 2103 Domitianum
704 2055 771 2100 non
791 2037 981 2118 imperasse.
1024 2034 1072 2100 At
1086 2035 1241 2119 Epistola
1253 2057 1333 2102 nun·

249 2140 435 2222 eupatoria,
445 2123 603 2222 inquiunt
615 2137 803 2215 adversarii,
819 2137 1011 2202 Domitiano
1025 2137 1227 2221 quorundam
1241 2139 1333 2202 codi-

249 2260 326 2307 cum
341 2241 532 2306 testimonio
547 2239 748 2317 inscribitur,
760 2239 881 2321 quibus
895 2257 958 2302 nos
969 2238 1142 2320 plerosque
1153 2237 1233 2304 Tito
1247 2257 1332 2322 opus

247 2347 474 2424 nuncupatum
503 2341 700 2406 affimantes
732 2341 941 2424 opponimus,
973 2344 1007 2404 et
1034 2340 1169 2422 quidem
1197 2343 1330 2418 rectius,

248 2460 349 2526 qoam
373 2443 408 2506 in
431 2441 644 2524 paucioribus
665 2439 734 2504 illis
755 2439 891 2521 legatur..
933 2440 984 2504 Iis
1005 2459 1095 2518 voro,
1107 2441 1175 2524 'qui
1188 2449 1329 2506 sextum

248 2543 418 2609 consulem
434 2542 539 2606 luisse
554 2547 678 2606 tantum
695 2542 922 2607 Domitianum
937 2541 1063 2606 vivente
1074 2549 1166 2625 patre
1177 2542 1331 2618 referunt,

247 2644 295 2722 id,
311 2649 350 2708 ut
363 2643 569 2714 rarissimum
582 2642 743 2719 concedo,
758 2662 843 2724 nego
856 2641 1000 2708 aPlinio
1015 2642 1047 2706 ei
1058 2661 1144 2725 opus
1158 2661 1330 2725 nuncupa-

248 2751 330 2823 tum,
343 2745 405 2827 qni
418 2744 529 2826 plures
544 2763 644 2828 qoam
656 2763 717 2808 sex
732 2744 934 2830 consulatus,
948 2750 1040 2828 patre
1053 2743 1267 2827 Vespasiano
1278 2743 1330 2808 ri·

245 2853 354 2925 rente,
380 2864 446 2910 non
470 2845 618 2928 gesserit.
662 2845 755 2910 Huic
779 2844 926 2910 dicatum
949 2845 1037 2922 volo,
1059 2845 1117 2927 qui
1141 2851 1213 2909 tum
1234 2850 1331 2910 sexto

246 2946 365 3011 consul
380 2953 507 3010 tantum
523 2953 622 3024 esset,
645 2965 720 3010 oum
740 2965 815 3009 eum
829 2945 895 3010 sibi
908 2951 1083 3029 patronum
1097 2949 1209 3028 operis
1223 2947 1332 3011 Plini·

247 3065 304 3114 um
326 3046 447 3128 delegit
469 3047 601 3124 duobus
626 3053 701 3110 ante
723 3046 852 3110 obitum
874 3047 981 3128 patris
994 3045 1198 3128 Vespasiani
1221 3049 1330 3124 anuis,

247 3146 342 3230 cnjus
364 3165 418 3210 res
438 3155 552 3229 gestas
578 3147 657 3230 quid
681 3148 832 3230 probibet
846 3155 1019 3229 utrumqne
1042 3146 1146 3212 filiurn
1164 3147 1279 3220 Titum
1295 3155 1329 3212 et

248 3247 479 3312 Domitianum
505 3250 647 3312 carmine
673 3249 930 3331 comprehensas
957 3247 1134 3312 laudasset
1178 3249 1329 3312 Altemm

184 3386 190 3398 ·
247 3366 381 3432 qnoque
409 3347 545 3412 fratrum
573 3348 649 3412 illas
678 3349 876 3431 proeterisse,
905 3347 991 3412 hunc
1022 3367 1132 3412 amore
1160 3346 1329 3425 simulato,

247 3445 342 3512 illum
356 3466 439 3512 vero
450 3447 573 3512 bonore
588 3457 800 3531 persecutum
815 3439 895 3532 quiri
905 3447 1084 3532 probibet?
1112 3449 1331 3534 Perspicuum

246 3552 355 3612 tamen
370 3553 435 3623 est,
461 3550 576 3625 satius,
599 3557 634 3612 et
654 3549 862 3631 probabilius
883 3547 1045 3632 praeclara
1062 3551 1169 3633 patris
1182 3541 1329 3617 facinora

246 3647 360 3712 'sitnm
374 3647 577 3724 celebrasse,
595 3667 695 3733 quam
718 3649 946 3714 Domitianum
971 3657 1097 3734 patrem
1119 3651 1198 3716 odio
1217 3672 1328 3735 perse-

246 3753 400 3833 quentem
413 3768 422 3813 t
437 3767 513 3812 nom
522 3749 578 3830 qui
592 3767 615 3813 a
629 3755 723 3831 patre
735 3749 961 3834 Vespasiano,
974 3753 1026 3817 ira
1036 3753 1196 3818 adversus
1211 3755 1327 3820 Domi-

245 3850 370 3916 tianum
385 3849 531 3925 incenso,
544 3849 711 3931 precibus,
724 3858 861 3917 auctore
875 3852 1008 3932 Tacito,
1020 3855 1340 3944 obnirrecontonrtit,⁴

245 3969 288 4015 ne
301 3952 436 4033 gravius
452 3949 632 4033 quicquam
647 3951 681 4014 in
696 3951 828 4018 fratrem
842 3957 1014 4032 statueret,
1031 3955 1092 4020 sad
1107 3955 1242 4023 omnino
1255 3959 1327 4040 pla·

246 4052 347 4116 cabili
362 4053 414 4117 illi
426 4073 463 4117 se
478 4053 627 4138 prestito
640 4073 683 4118 ac
698 4055 784 4134 miti,
799 4055 887 4120 lilios
901 4056 1177 4138 quemadmodum
1189 4059 1275 4124 inter
1291 4079 1328 4127 se

246 4156 472 4234 conperirent,
486 4175 528 4220 so
542 4161 734 4240 perpetuam
749 4157 957 4236 concordiam
975 4158 1200 4240 observarent,
1214 4178 1326 4224 exem·
