3098 4878
211 547 309 594 XVII.

211 749 325 796 XVIII.

212 849 294 897 XIX.

211 951 281 998 XX.

212 1051 298 1099 XXI.

115 1195 117 1200 .
142 1153 146 1160 '
211 1152 312 1200 XXII.

214 1253 331 1301 XXIII.

208 1355 322 1402 XXIV.

212 1457 309 1505 XXV.

214 1557 329 1606 XXVI.

215 1660 343 1708 XXVII.

216 1761 364 1809 XXVIII.

215 1862 335 1909 XXIX.

216 1963 318 2011 XXX.

217 2163 335 2212 XXXI.

139 2273 147 2280 “
218 2265 355 2313 XXXII.

221 2365 373 2414 XXXIII.

583 385 671 432 uir.
693 383 790 430 rursu.
814 383 887 431 cra.
904 381 936 450 r.
1223 364 1288 428 309

423 528 554 605 Quibus
569 527 775 608 temporibus
799 524 977 608 plurimum
992 523 1026 587 in
1041 523 1157 588 aerario
1172 523 1288 604 populi

466 627 567 692 Rom.
583 630 654 692 anri
670 637 702 692 et
717 627 844 708 argenti
857 625 966 689 inerit.

421 730 562 808 Quando
577 730 716 813 primum
730 728 902 793 lacunaria
914 727 1070 791 inaurata.

426 831 559 908 Quibus
574 829 739 894 decausis
754 828 927 913 praecipua
941 827 1120 891 auctoritas
1135 843 1224 888 auro.

426 932 530 998 Ratio
547 931 730 995 inaurandi.

425 1036 479 1099 De
493 1033 688 1096 inveniendo
702 1050 795 1096 auro.

428 1134 742 1217 Deanripignrento.
809 1145 813 1151 ·

428 1236 480 1300 De
493 1235 625 1299 electro.

424 1336 547 1400 Primae
562 1353 670 1398 aureae
686 1335 817 1396 statuae.
878 1369 882 1380 ·

426 1437 656 1501 Medicinaeex
672 1447 864 1502 auro‚v111.
898 1485 900 1492 .

429 1539 482 1603 De
497 1535 715 1620 chrysocolla.
777 1585 780 1592 .

428 1640 533 1704 Ratio
546 1639 618 1726 ejus
633 1637 667 1699 in
681 1635 832 1719 picturis.

430 1741 483 1806 Ex
499 1737 720 1821 chrysocolla,
734 1733 917 1808 medicinre,
935 1747 983 1793 vr.

429 1844 484 1908 De
497 1840 669 1905 aurificum
685 1835 899 1920 chrysocolla,
914 1834 985 1896 sive
1000 1837 1137 1896 satorna.

429 1943 603 2006 Mirabilia
624 1945 762 2013 natnrae,
785 1933 984 2016 glutinandis
1005 1933 1086 1996 inter
1103 1951 1151 2007 se,
1172 1938 1207 1994 et
1221 1949 1296 2012 per·

469 2042 618 2108 ficiaudis
631 2038 809 2106 metallicis
824 2037 933 2101 rebus.

432 2144 486 2208 De
500 2148 649 2224 argento.

433 2246 487 2310 De
502 2249 634 2326 argento
647 2242 735 2306 vivo.

431 2346 607 2422 Do‘stimi,
629 2345 700 2408 sive
723 2341 812 2417 stibi,
834 2341 906 2404 sive
929 2337 1117 2412 alabastro,⁸
1142 2334 1215 2398 siva
1236 2333 1298 2396 lar-

346 2471 368 2486 ·-
471 2449 566 2524 baso,
589 2447 661 2510 siva
681 2438 978 2526 platyophthalmo.

221 2567 365 2615 XXXIV.

220 2668 349 2715 XXXV.

221 2769 365 2817 XXXVI.

223 2971 385 3019 XXXVII.

222 3072 399 3121 XXXVIII.

223 3173 372 3221 XXXIX.

223 3275 288 3322 XL.

225 3375 306 3424 XLI.

225 3479 324 3525 XLII.

225 3579 339 3627 XLIII.

224 3681 330 3727 XLIV.

225 3782 316 3828 XLV.

226 3883 332 3930 XLVI.

429 2549 484 2613 Ex
499 2569 539 2612 eo
555 2545 741 2620 medicinae,
756 2557 825 2603 vrr.

433 2651 486 2714 De
503 2648 612 2712 scoria
627 2643 764 2726 argenti.
807 2640 985 2704 Medicinae
999 2657 1042 2701 ex
1060 2655 1111 2699 ea.

434 2752 487 2815 De
511 2748 626 2813 minio.
679 2745 792 2823 Quam
816 2742 1007 2821 religiosum
1031 2737 1122 2820 apud
1147 2737 1300 2819 antiquos

474 2851 604 2913 fuerit·

433 2953 487 3016 De
503 2949 690 3015 inventione
704 2946 788 3030 ejus,
809 2951 845 3008 et
860 2943 995 3024 origine.

436 3054 490 3118 De
504 3050 682 3116 cinnabari.

437 3155 541 3218 Ratio
557 3150 756 3224 cinnabaris,
778 3153 813 3210 et
828 3145 920 3210 minii
934 3145 967 3206 in
982 3142 1129 3225 picturis.

434 3256 567 3320 Genera
580 3252 681 3315 minii.
727 3247 907 3312 Medicinae
921 3263 963 3308 ex
978 3243 1109 3305 minio.4

437 3355 491 3419 De
505 3352 718 3435 hydrargyro.

436 3457 489 3521 De
505 3457 637 3535 argento
651 3445 846 3513 inaurando.

439 3560 493 3623 De
507 3555 664 3620 coticulis
680 3549 830 3615 aurariis.

438 3659 572 3741 Argenti
587 3672 714 3739 genera,
736 3658 771 3714 et
785 3646 1018 3732 experimenta.

438 3761 491 3824 De
510 3757 669 3841 speculis.

256 4151 271 4195 ³
289 4141 393 4194 Eodem
409 4137 469 4188 edd.
488 4135 603 4191 inserunt
621 4133 671 4182 rice
681 4131 820 4180 littori-4
837 4123 964 4177 Medicina
974 4134 1005 4170 ta
1015 4117 1086 4168 aaa
1101 4115 1224 4166 omittunt
1242 4115 1308 4167 Har·

226 4210 297 4261 duin.
308 4214 333 4260 1.
342 4209 401 4258 Μ.
417 4203 515 4253 Miller.
524 4199 629 4264 Bipout.
641 4203 669 4246 et
680 4196 770 4245 Franz.
