3016 4876
457 434 588 483 nscrro
612 435 636 482 ι.
660 435 771 484 raum
798 437 978 488 crcsnrrrr.
1169 494 1170 500 ,
1213 429 1256 492 69

172 593 306 638 exesam
325 576 357 639 in
386 575 499 641 Fastis
521 575 721 661 Capitolinis
750 580 849 663 hujus
871 581 1031 665 triumphi
1057 585 1253 648 mentionem

170 693 275 758 prope
291 676 476 740 nniversam
489 677 632 741 restituit
645 679 680 742 in
694 679 779 745 hunc
792 681 925 746 modum
939 703 947 746 ε

172 843 210 887 Μ.
224 842 413 890 cbnvnrvs
425 842 463 888 M.
475 844 505 890 P.
518 844 603 891 M.N.
616 845 841 894 MARCELLVS
857 848 932 895 008.
952 851 1000 896 DE
1017 851 1250 899 GOMBNSIBVS
1325 865 1335 888 ⁶

172 942 217 988 ΒΤ
240 942 466 992 lNSVllRlBVS
487 945 718 995 t.1)v1.11.1v.
742 948 816 996 NON
842 950 1230 1002 M....Tn1vn1rtrnvrr.

211 1075 328 1153 Quidl
351 1082 504 1139 naturam
527 1077 589 1141 bos
610 1074 775 1145 'terminos
797 1101 837 1146 ec
862 1070 985 1147 limites
1004 1084 1251 1166 quodammodo

169 1176 393 1251 constituisse,
409 1182 443 1238 et
465 1175 624 1242 Insubres
651 1200 672 1244 a
697 1179 916 1246 Comensibus
943 1184 1146 1261 distinxisse,
1163 1185 1250 1268 qnod

168 1273 352 1338 Pantheum
381 1275 487 1352 latuit,
512 1277 593 1341 olim
616 1297 657 1343 ne
686 1283 810 1361 graculi
841 1283 974 1365 quidem
1000 1305 1041 1350 ac
1064 1286 1249 1351 monedulae

167 1377 369 1456 ignorarunt,
385 1393 471 1457 quos
489 1395 531 1440 ex
553 1377 752 1444 Insubribus
777 1382 810 1444 in
833 1403 945 1465 agrurn
963 1385 1249 1451 Novocomensem

166 1475 312 1558 perinde,
328 1494 368 1539 ac
388 1476 545 1555 alionum,
560 1487 597 1556 et¹
611 1489 703 1545 extra
725 1481 808 1546 fines
832 1485 975 1567 positum
1000 1487 1193 1569 irrumpere,
1208 1505 1248 1552 ao

165 1584 291 1642 naturae
306 1575 437 1642 soedera
450 1579 572 1643 violare
586 1599 652 1642 non
663 1582 767 1646 tuisse
782 1601 884 1648 ausos
900 1584 1030 1650 Plinius
1044 1587 1129 1650 libro
1141 1586 1171 1650 N
1175 1593 1249 1650 atu·

164 1677 245 1741 ralis
272 1677 363 1742 Hist.
380 1695 418 1742 x.
434 1679 487 1743 29.
501 1683 697 1746 memoravit
710 1682 762 1747 bis
777 1686 906 1748 verbis:
929 1685 1055 1750 ‘ltalia
1072 1687 1173 1770 juxta
1186 1685 1247 1750 Al-

156 1798 227 1869 pos
242 1777 380 1843 Larium
399 1779 525 1844 Ianum
550 1782 700 1863 appellat
722 1803 888 1848 amoenum
911 1787 1045 1850 arbusto
1062 1806 1187 1868 agrurn,
1203 1787 1245 1852 ad

163 1899 260 1962 quem
285 1880 425 1944 ciconiae
452 1898 520 1943 non
544 1888 758 1960 transmeant,
783 1884 884 1948 sicuti
905 1883 966 1950 nec
987 1895 1142 1950 octavum
1164 1888 1247 1952 citra

162 1979 306 2062 lapidem
321 1982 365 2044 ab
381 2001 420 2045 oo
444 1982 606 2046 immenso
631 1983 759 2066 alioqui
772 1983 909 2050 finitimo
925 1987 1110 2052 Insubrium
1135 1996 1246 2053 tractu

162 2083 319 2145 examina
333 2081 539 2164 graculorum
557 2084 894 2168 monedularnmque.'
922 2086 1014 2150 ldem
1028 2088 1244 2162 Ptolemaeus,

163 2179 373 2264 Bergomates
384 2185 574 2266 regionibus
589 2205 608 2248 a
625 2185 845 2249 Comensibus
856 2187 1071 2268 distinguens,
1087 2207 1162 2251 cnm
1178 2187 1245 2250 Ve-

161 2284 354 2348 ronensibus
379 2286 463 2350 inter
491 2284 701 2350 Cenomanos
722 2286 843 2363 retulit,
868 2306 950 2369 quos
973 2289 1100 2352 Plinius
1123 2287 1244 2352 Junior

160 2381 217 2446 lib.
241 2401 304 2446 ιιι.
329 2385 438 2468 Epist.
466 2386 509 2450 ad
536 2386 716 2451 Falconem
736 2387 887 2471 ejusdem
916 2387 1012 2469 cujus
1038 2395 1073 2452 et
1099 2387 1244 2453 Comen·

161 2502 214 2546 ses
230 2486 371 2565 regionis
395 2487 491 2568 iecit3
514 2487 590 2551 dum
615 2489 802 2553 Cornelium
820 2488 1048 2553 Minuciannm
1065 2490 1256 2572 Bergoma·.

159 2591 236 2659 tem,
251 2587 300 2649 uti
321 2588 396 2651 loco
414 2589 645 2671 opportuniore
659 2589 871 2666 indicabitur,
894 2591 1160 2655 ‘omamentnm'
1183 2612 1243 2675 ap·

159 2687 266 2767 pellat
290 2687 475 2770 ‘regionis’
491 2708 573 2754 snae.
620 2689 738 2771 Neque
762 2708 842 2752 vero
860 2697 924 2766 est,
946 2698 982 2755 ut
1006 2689 1150 2755 Panthei
1170 2693 1242 2756 fau-

158 2797 247 2851 tores
261 2789 326 2853 boc
340 2790 418 2854 loco
432 2797 581 2873 repetant
594 2791 752 2872 adeptum
764 2790 954 2873 adoptionis
973 2790 1050 2873 juro
1073 2793 1240 2858 civitatem

157 2888 382 2955 Veronensem
399 2891 545 2956 Plinium
560 2891 583 2955 J
587 2892 736 2954 nniorern
751 2891 897 2973 ejusdem
914 2909 950 2954 se
966 2909 1040 2953 cnm
1064 2891 1239 2973 Bergoma-

157 2990 244 3056 t'ibns
260 2994 404 3075 regionis
420 2995 552 3057 secisse.
590 2993 691 3069 Nam,
708 2999 745 3056 nt
759 2992 910 3056 omittam
924 3009 1036 3073 parum
1054 2993 1239 3073 probabile,

157 3099 213 3156 aut
229 3111 271 3156 ne
294 3094 468 3175 probabile
482 3092 624 3176 quidem,
639 3093 755 3169 videri,
772 3111 849 3157 eum
865 3092 1040 3156 Ptolemaei
1058 3111 1122 3156 nno
1136 3112 1239 3176 prope

155 3194 281 3257 saeculo
305 3195 509 3276 posterioris,
526 3213 626 3275 quam
650 3193 753 3258 Plinii
777 3193 934 3270 Senioris,
949 3212 1050 3275 quam
1072 3195 1238 3272 avunculi,

154 3301 187 3358 et
223 3295 325 3376 patris
356 3294 467 3358 Italiae
495 3295 707 3377 partitionem
738 3295 834 3376 sequi
860 3294 1045 3372 maluisso;
1084 3296 1238 3376 antiquos

153 3393 371 3479 Geograpbos
391 3415 454 3459 suo
469 3415 629 3478 quemque
645 3397 788 3470 arbitrio,
803 3413 865 3458 nec
889 3413 954 3458 uno
973 3395 1084 3472 ruodo,
1098 3401 1136 3458 ut
1149 3395 1238 3457 dice-

151 3497 240 3572 bam,
255 3495 388 3560 ltaliam
402 3495 558 3560 divisisse
572 3498 732 3579 praeclare
748 3501 887 3560 constat.
932 3493 1006 3558 Neo
1020 3496 1100 3577 qnia
1113 3495 1147 3559 in
1169 3494 1237 3561 Co-

151 3614 206 3659 mo
229 3600 262 3658 et
280 3593 414 3660 Verona
433 3598 621 3678 regionibns
643 3596 884 3679 distinguendis
906 3595 1039 3659 Plinius
1054 3595 1174 3660 Senior
1202 3605 1237 3660 et

151 3696 358 3761 Ptolemaeus
378 3699 583 3774 conveniant,
598 3706 780 3761 ceterorum
803 3695 1074 3779 Gangrapborum
1099 3698 1237 3760 convin-

150 3797 238 3861 citur
252 3798 394 3862 eundem
415 3798 521 3862 fuisse
536 3816 743 3874 consensum,
759 3796 884 3879 qnippe
898 3796 934 3860 bi
953 3797 1029 3879 ipsi,
1051 3795 1183 3860 Plinius
1204 3804 1237 3862 et

150 3897 367 3974 Ptolemaeus,
383 3899 491 3982 quiin
507 3897 641 3962 Verona
653 3904 687 3962 et
702 3895 808 3964 Gomo
827 3897 1019 3978 regionibns
1034 3895 1234 3977 distinguen-

148 3999 202 4062 dis
217 3998 475 4076 consentiebant,
491 3999 525 4062 in
541 3999 798 4080 Bergomatibus
814 3997 1010 4072 dissensere,
1025 4014 1113 4077 qnos
1135 3995 1187 4058 bic
1211 4015 1233 4060 a

148 4097 466 4164 Novocomensibus
481 4099 669 4183 disjunctos
684 4117 757 4162 enm
774 4096 1025 4161 Veronensibus
1041 4093 1234 4176 conjunxit3

145 4199 203 4266 ille
227 4201 271 4265 ab
295 4199 348 4267 bis
370 4200 532 4272 discretos
554 4219 630 4266 cunr
644 4197 960 4264 Novocomensibns
983 4196 1015 4260 in
1039 4194 1157 4260 eudem
1183 4213 1233 4260 re·
