3006 4874
257 395 322 461 102
595 411 643 459 oa
667 411 698 458 a.
723 408 841 456 ruram
867 408 1006 456 aarum

258 557 403 631 ceratus,
417 551 533 635 Niger,
547 571 588 617 ac
603 551 799 616 Diodotusl
830 569 915 633 quos
930 569 1121 634 quanquam
1138 551 1170 613 iu
1185 549 1342 615 facultate

257 653 291 730 iu
313 654 437 736 quibus
451 672 517 719 uon
532 673 591 718 eos
616 653 725 717 solum
748 652 922 726 recensuit,
939 671 1024 735 quos
1042 661 1199 734 tauquam
1215 657 1342 714 veteres

258 773 320 818 sua
342 757 542 838 tempestate
564 754 654 819 docti
675 753 826 816 homiues
841 760 1084 829 venerarentur,
1099 753 1156 816 sed
1173 753 1275 816 etiam
1290 771 1341 814 re·

258 855 435 920 centiores:
452 854 628 920 claudium
643 854 822 932 Caesarem,
839 860 883 930 et,
900 854 958 936 qui
973 873 1015 917 eo
1029 855 1207 936 imperante
1221 853 1340 932 floruit,

258 955 479 1040 Pomponium
502 957 639 1036 Melam,
656 957 815 1021 Senecam
835 956 912 1019 item
933 953 1076 1020 Neronis
1093 961 1341 1037 praeceptorem,

125 1103 128 1110 ι
257 1075 325 1140 quo
339 1066 420 1140 post
434 1056 611 1121 Claudium
626 1058 785 1141 principe,
802 1056 934 1121 Plinius
948 1055 1142 1121 Naturalem
1156 1057 1341 1120 Historiam

257 1159 467 1236 contexebat,
482 1156 664 1222 Antonium
679 1158 780 1221 etiam
794 1151 976 1234 Castorem,
988 1159 1042 1222 cui
1054 1177 1130 1221 aevo
1141 1176 1201 1220 suo
1212 1175 1341 1221 summa

255 1261 437 1324 auctoritas
451 1265 541 1324 esset
561 1261 595 1322 iu
615 1259 798 1342 plantarum
821 1259 1040 1340 cognitione·
1063 1259 1177 1322 Taceo
1191 1258 1234 1321 ab
1253 1255 1341 1321 omui

255 1361 446 1437 ambitione,
461 1368 496 1424 et
510 1359 623 1424 studio
639 1361 755 1424 alienae
771 1359 838 1422 sibi
852 1358 960 1422 laudis
972 1345 1189 1435 ascribendae,
1201 1378 1275 1422 euru
1290 1358 1341 1423 iu·

254 1460 327 1525 isse
343 1479 450 1542 usque
465 1461 551 1524 adeo
564 1468 737 1537 remotam,
752 1465 790 1522 ut
804 1479 843 1523 ne
856 1459 1010 1524 foeminas
1025 1461 1159 1544 quidem
1176 1460 1240 1524 sibi
1255 1478 1340 1541 prae·

256 1561 429 1626 tercundas
454 1581 531 1626 esse
554 1561 697 1637 duxerit,
718 1559 936 1643 Agrippinam
958 1559 1100 1636 Claudii,
1119 1567 1153 1623 et
1168 1560 1340 1646 Olympia·

256 1661 330 1726 dem
344 1661 548 1739 Thebanam,
563 1682 703 1745 quarum
718 1661 881 1726 industria
900 1663 1014 1745 aliquo
1032 1661 1132 1726 modo
1147 1661 1268 1726 luisset
1282 1662 1340 1734 ad·,

251 1762 356 1847 jutus.
400 1763 446 1828 Et
460 1784 543 1828 saue
564 1763 637 1827 haec
658 1765 702 1828 ab
724 1782 777 1840 eo,
793 1761 921 1840 Patres,
936 1762 1145 1846 expectanda
1160 1762 1298 1839 luerunt,
1319 1783 1340 1828 a

253 1881 325 1946 quo
347 1863 403 1927 vel
427 1864 510 1928 illud
536 1863 769 1947 scrupulosius
788 1864 946 1945 seriptum
973 1869 1036 1939 est,
1060 1861 1152 1947 quod
1178 1865 1339 1945 praefatus

254 1971 353 2044 esset,
369 1965 448 2048 quid
472 1967 507 2028 iu
528 1965 668 2047 siugulis
686 1965 779 2029 libris
794 1965 1029 2040 contineretur,
1044 1965 1077 2028 id
1093 1972 1170 2028 ante
1184 1983 1220 2028 se
1236 1963 1339 2031 Vale-

254 2064 338 2130 rium
355 2064 511 2130 Soranum
526 2064 659 2130 secisse.
703 2063 769 2129 Sed
787 2083 828 2127 ue
848 2064 1026 2148 quicquam
1048 2083 1069 2127 a
1087 2085 1139 2128 me
1153 2065 1339 2129 dissimula·

251 2171 324 2230 tum
339 2167 378 2230 iri
393 2167 548 2232 videatur
562 2165 652 2249 quod
669 2164 865 2228 adversariis
887 2166 1009 2228 uostris
1025 2165 1147 2242 faveat,
1162 2166 1257 2229 uobis
1279 2165 1337 2230 ad·

254 2276 412 2338 versetur,
424 2268 624 2332 recentiores
635 2266 722 2330 haud
738 2265 872 2330 obscuri
886 2266 1028 2329 nominis
1043 2266 1200 2343 nonnulli,
1215 2267 1338 2332 callido

255 2385 296 2430 ac
311 2367 404 2432 vafro
418 2369 531 2450 polius
550 2367 705 2443 oonsilio,
719 2385 819 2449 quam
840 2367 984 2447 ingenuo
1011 2370 1044 2429 ct
1064 2366 1192 2431 liberali
1214 2368 1336 2444 auimo,

250 2469 400 2534 Plinium
421 2468 600 2552 scriptores
621 2475 691 2531 tam
707 2467 843 2543 multos,
856 2474 890 2532 ct
905 2467 1038 2549 quidem
1053 2469 1105 2530 vel
1119 2468 1337 2546 obscuriores,

251 2568 443 2634 nominasse
465 2568 689 2652 profiteantur,
705 2576 743 2632 ut
758 2569 821 2632 hoc
839 2571 981 2648 nornine,
999 2576 1033 2633 et
1048 2569 1131 2649 grati
1147 2569 1245 2634 animi
1261 2589 1338 2653 spe·

251 2669 319 2748 cie,
335 2690 431 2734 suum
446 2672 565 2735 furtum
577 2672 705 2748 lateret,
721 2689 782 2733 nec
800 2670 1031 2735 Dioscoridem
1047 2671 1281 2754 exscripsisse,
1295 2690 1336 2736 eo

252 2773 338 2838 inter
351 2779 506 2836 auctores
520 2771 699 2854 praeterito,
712 2769 914 2834 crederetur:
936 2771 1099 2853 quibussi
1111 2773 1282 2855 quisforte
1293 2791 1337 2836 ex

252 2873 459 2938 auditoribus
484 2879 551 2938 tem
575 2872 687 2936 multis
710 2872 821 2936 auimo
839 2872 960 2949 faveat,
978 2871 1077 2936 velim
1100 2871 1181 2936 mihi
1201 2893 1337 2957 respon·

223 3033 226 3038 .
252 2973 328 3039 deat
343 2974 477 3055 quinam
491 2974 550 3038 isti
564 2975 632 3038 sint
650 2972 785 3038 obscuri
805 2973 950 3036 nominis
968 2974 1156 3057 scriptores,
1171 2993 1256 3057 quos
1272 2973 1336 3041 sibi

252 3042 471 3156 propositos
462 3095 495 3138 ιιι
511 3073 664 3138 Materiae
679 3073 823 3138 Medicas
839 3074 992 3140 Historia
1006 3075 1276 3139 conscribenda
1265 3075 1337 3140 rmi-

251 3174 370 3238 taudos
391 3175 519 3239 Plinius
537 3176 774 3256 nominaverit3
806 3195 850 3240 au
869 3175 1100 3259 Hippocrates
1117 3195 1162 3240 ex
1186 3178 1229 3241 iis
1253 3197 1336 3241 unus

250 3281 312 3353 est,
326 3274 379 3338 vel
395 3275 672 3360 Theophrastusl
717 3275 883 3360 Opinione
897 3297 981 3354 mea,
997 3287 1177 3360 vestraque
1192 3279 1334 3344 omnium

249 3377 479 3455 consensione,
509 3379 564 3461 qui
588 3384 693 3442 artem
717 3377 894 3454 medicam,
919 3385 978 3441 aut
1004 3397 1110 3443 rerum
1135 3380 1335 3444 naturalium

250 3478 574 3559 contemplationem,
594 3479 650 3544 vel
673 3480 812 3544 summis
831 3479 931 3543 labiis
954 3485 1080 3545 tantum
1104 3474 1336 3562 degustaverit,

249 3582 285 3640 et
299 3575 537 3660 Hippocratis,
551 3581 606 3644 vel
620 3581 843 3664 Theophrasti
860 3599 963 3663 opera
979 3581 1080 3645 luerit
1093 3581 1208 3645 leviter
1222 3582 1336 3647 odora·

250 3686 316 3754 tus,
342 3676 406 3741 bos
430 3680 516 3744 iuter
542 3682 704 3746 obscuros
728 3685 904 3766 scriptores
922 3701 1018 3747 nemo
1037 3683 1236 3746 numerabit.
1280 3682 1335 3746 An

248 3782 345 3863 igitur
374 3779 560 3846 Cratevasl
596 3797 695 3867 quem
716 3784 793 3849 licet
820 3803 886 3848 nou
912 3783 1088 3848 admodum
1117 3783 1336 3849 Dioscorides

249 3881 479 3948 commendare
490 3883 663 3964 videatur3
679 3883 830 3948 Galenus
843 3889 953 3948 tamen
968 3884 1002 3947 in
1013 3883 1253 3946 metallicorum
1268 3903 1336 3948 me·

248 3983 512 4050 dicameutorum
534 3977 653 4067 pe'ritia
674 4003 800 4068 parem,
834 3983 1018 4046 secundo
1008 4003 1042 4046 ιιι
1060 3983 1168 4066 Hipp.
1192 3981 1278 4048 libro
1294 3983 1335 4048 de

245 4081 379 4154 Natura
395 4085 564 4164 Humana,
578 4073 769 4151 Dioscoridi
781 4085 873 4148 iacit.
918 4082 971 4148 Au
985 4081 1098 4148 Julius
1113 4083 1255 4162 Bassus,
1274 4083 1336 4148 Ni-

248 4182 555 4287 medicamentorum
570 4187 738 4252 relerenda
753 4186 881 4252 Galeno
899 4199 946 4248 vr.
958 4182 1000 4250 da
1013 4183 1223 4266 Simplicium
1240 4183 1334 4251 Med.
