3016 4876
259 343 302 408 16
552 357 745 408 rnnrnrro
768 358 821 405 ro.
845 357 1051 406 nannurnr.

260 501 370 576 suerit,
392 500 450 564 vix
465 500 490 564 ii
506 501 703 584 intelligent,
718 501 761 565 ad
777 519 863 584 quos
878 499 970 565 nulla
983 517 1062 584 pars
1077 498 1181 574 taedii,
1195 497 1256 562 sed
1270 517 1350 580 ope·

259 602 306 666 ris
319 602 447 666 utilitas
461 621 528 667 una
550 603 727 686 perveniet.
772 602 965 667 Historicas
990 600 1110 665 deinde
1136 599 1352 675 narrationes,

260 703 452 787 placitaque
467 702 705 786 propemodum
721 704 902 779 innumera,
918 704 951 766 in
966 702 1087 785 quibus
1102 702 1233 785 lapsum
1245 718 1351 764 errore

262 803 410 868 Plinium
419 803 538 886 vulgus
550 804 668 882 credit,
683 804 815 869 idoneis
829 802 1136 888 probatissimorum
1151 802 1352 884 scriptorum

261 904 460 970 testimoniis
482 904 760 969 constabilienda.
810 903 1037 968 Discutiendae
1061 904 1138 966 item
1165 901 1353 966 curationes

260 1003 412 1082 medicae,
427 1013 461 1068 et
475 1005 546 1068 suis
561 1025 704 1089 quaeque
720 1003 877 1088 aptandae
890 1004 1027 1081 morbis,
1042 1022 1108 1067 non
1118 1001 1236 1066 aliems
1248 1003 1355 1066 ascri-

261 1107 392 1183 bendae,
402 1106 526 1189 quibus
542 1112 747 1189 praepostere
758 1106 975 1189 interpunctio
987 1105 1131 1169 remedia
1142 1121 1235 1188 saepe
1244 1103 1354 1167 aliena

263 1207 409 1275 affinxit·
458 1206 561 1271 Fides
587 1207 727 1290 deniquo
756 1207 968 1289 integerrimo
999 1207 1124 1289 ubique
1146 1204 1355 1270 restituenda

261 1308 424 1392 scriptori,
444 1307 535 1384 foma
558 1307 708 1391 ejusdem
734 1317 769 1371 et
793 1308 998 1372 existimatio
1026 1305 1209 1372 sarcienda.
1253 1303 1353 1382 Quod

261 1411 394 1495 quidem
407 1411 531 1493 quibus
544 1408 679 1492 adjutus
693 1409 859 1492 praesidiis
874 1414 1032 1492 praestare
1045 1409 1108 1473 sim
1120 1413 1270 1483 conatus,
1285 1425 1354 1490 qua

261 1509 396 1574 tandem
421 1510 478 1575 via
502 1518 632 1574 atarto
658 1509 692 1574 id
720 1509 899 1588 effecerim,
925 1493 1016 1592 duod
1041 1507 1200 1592 spondeo,
1225 1515 1355 1572 utnon

263 1610 368 1675 multo
381 1609 584 1675 emendatior
598 1609 867 1696 modoprodeat,
891 1629 992 1693 quam
1015 1611 1179 1676 hactenus
1203 1609 1276 1686 luit,
1295 1608 1355 1673 sed

262 1715 296 1774 et
317 1711 464 1794 politior,
486 1711 634 1788 nitidior,
657 1711 822 1792 integrior,
844 1729 945 1793 quam
969 1717 1152 1776 ceterorum
1176 1709 1265 1774 ullus
1290 1709 1355 1774 Ila·

262 1803 407 1875 tinorum
431 1813 640 1896 scriptorum,
666 1831 754 1877 nunc
777 1813 912 1876 tandem
934 1813 1063 1894 aperire
1085 1810 1354 1895 operaepretium

264 1918 325 1976 est.
737 1929 739 1932 ·

306 2011 472 2078 Accurata
486 2014 629 2098 primurn
645 2035 687 2080 ac
702 2014 845 2097 diligens
868 2015 955 2079 Mas.
975 2015 1128 2080 codicum
1145 2015 1281 2080 collatio
1297 2012 1356 2078 ad·

263 2113 381 2184 hibita,
397 2114 581 2197 etquidem
597 2115 821 2198 plurimorum.
865 2115 895 2180 Ε
911 2116 1121 2182 Bibliotheca
1135 2117 1277 2200 primum
1289 2114 1356 2178 Re·

263 2214 330 2293 gia,
356 2215 413 2277 cui
438 2233 525 2278 nunc
541 2213 604 2278 Vir
628 2212 853 2290 Clarissimus,
878 2217 1041 2299 uobisque
1064 2215 1356 2299 conjunctissimus

265 2315 426 2392 amicitia,
442 2313 671 2380 Theveootius
690 2323 826 2400 praeest,
848 2316 934 2381 duos
948 2319 1131 2401 praesertim
1146 2315 1286 2381 utendos
1299 2314 1357 2379 ha·

264 2413 418 2480 buimus:
442 2415 582 2480 alterum
610 2435 768 2482 annorum
796 2418 1072 2500 octingentorum,
1100 2418 1355 2501 quingentorum

240 2552 241 2556 =
263 2514 412 2590 alterum,
434 2517 493 2599 qui
515 2517 584 2580 sere
609 2536 684 2581 cum
709 2516 921 2583 Ghiffietiano
945 2520 1099 2602 superius
1113 2517 1251 2585 laudato
1267 2537 1289 2581 a
1303 2536 1356 2582 me

264 2613 381 2680 codice
395 2617 561 2698 congruit.
604 2618 635 2681 E
658 2617 870 2684 Bibliotheca
890 2620 1010 2684 deinde
1034 2620 1110 2684 Viri
1135 2618 1356 2684 Illustrissinri

262 2714 406 2779 loannis
422 2717 588 2800 Baptistae
605 2716 767 2796 Colberti,
781 2721 840 2804 qui
860 2740 964 2805 nuper
986 2725 1020 2787 in
1046 2722 1211 2804 Suprema
1234 2720 1356 2785 AErarii

264 2807 365 2896 R'egii
382 2815 587 2882 Praefectura
600 2817 696 2896 obiit,
711 2819 845 2883 omuino
859 2827 1014 2904 quatuor,
1028 2841 1169 2906 quorum
1184 2823 1357 2904 perhuma-

262 2917 355 2994 niter,
377 2923 416 2981 ut
429 2917 528 2995 solet,
551 2919 683 3002 copiam
699 2921 796 2983 nobis
811 2919 894 2985 iecit
911 2921 973 2985 Vir
986 2921 1040 2986 Cl.
1057 2923 1172 3007 Steph.
1188 2923 1355 2988 Balunins.

263 3015 304 3078 lu
318 3016 373 3080 his
387 3017 567 3082 codicibus
583 3026 731 3102 quatuor
745 3020 939 3088 Thuanaeus
960 3027 1021 3100 est,
1043 3043 1141 3107 quem
1167 3024 1355 3089 Salmasius

263 3135 355 3201 saepe
364 3125 487 3210 testem
500 3118 644 3184 advocat
657 3121 1009 3189 inExercitationibus
1025 3124 1200 3191 Plinianis.
1238 3125 1356 3208 Itaque

264 3219 317 3280 usi
342 3237 459 3282 sumus
484 3219 527 3282 iis
553 3221 812 3303 exemplaribus,
834 3243 910 3306 qnae
934 3231 1002 3289 tum
1030 3225 1157 3306 publici
1174 3227 1262 3308 juris
1282 3245 1357 3291 esse

262 3322 416 3400 possunt,
431 3337 531 3400 quam
547 3322 650 3385 nostri
663 3321 812 3387 fuerunt:
827 3343 868 3388 ne
884 3325 1029 3408 publicae
1039 3325 1229 3391 credulitati
1245 3328 1356 3409 ignota

263 3416 446 3495 laudando,
463 3437 523 3484 nec
539 3419 624 3484 satis
640 3427 729 3486 certo
744 3421 821 3486 loco
847 3423 1023 3503 delitentia,
1045 3425 1215 3509 imponere
1230 3425 1356 3491 videre-

265 3536 350 3580 mur.

272 3615 373 3681 ··Usi
396 3624 559 3701 praterea
583 3627 618 3687 et
641 3621 744 3688 altero
767 3626 905 3709 optimae
929 3631 1017 3692 nette
1032 3627 1159 3707 codice,
1174 3647 1272 3713 quem
1288 3629 1356 3696 Pa-

264 3716 436 3782 risiensem
462 3739 705 3802 nuncupamus,
725 3725 824 3808 qnod
853 3728 898 3791 sit
925 3729 955 3792 is
984 3730 1018 3793 in
1049 3748 1092 3795 ea
1119 3732 1200 3795 urbe
1227 3732 1261 3794 in
1288 3749 1356 3814 qua

262 3836 388 3981 siamus,
409 3815 442 3883 el
465 3820 500 3884 in
523 3821 757 3905 Bibliothecae,
779 3846 880 3910 quam
903 3849 1068 3909 curamus,
1091 3831 1222 3896 scriniis
1243 3851 1356 3899 recon-

290 3937 301 3980 ι
318 3937 370 3982 ns.

305 4017 559 4086 Advocavimus
574 4023 738 4094 interdurn
754 4027 789 4090 in
804 4034 914 4111 partes
928 4027 1128 4096 (lhillletiani
1152 4034 1354 4116 exemplaris

263 4115 372 4198 fldem,
394 4126 429 4186 et
455 4121 634 4202 Fanensis,
656 4128 847 4211 vetustique
869 4130 950 4196 item
972 4132 1118 4212 alterim,
1132 4153 1271 4218 quorum
1287 4135 1354 4200 dis
