3016 4876
448 391 645 460 euaristo
664 411 717 460 ro.
741 411 946 460 nrunurur.
1193 397 1235 461 21

144 569 209 617 nor
232 548 468 629 indicabimus,
490 553 686 635 intelligere.
731 553 852 637 Neque
873 554 961 618 enim
981 573 1044 619 nos
1058 551 1237 620 diffitemur

144 652 190 716 ab
215 649 354 728 Ortelio,
380 651 570 732 Holstenio,
596 653 822 734 Aldrovando,
844 656 1014 734 Bononio,
1039 655 1192 739 aliisque,
1215 675 1236 720 a

144 751 410 837 lexicographis
423 772 558 838 qnoque
569 754 657 838 ipsis
672 775 898 840 saepenumero
913 755 1082 834 dissidere,
1098 757 1132 820 in
1143 756 1235 822 loco·

142 871 230 924 rum,
245 861 281 918 et
296 853 499 932 animalium,
514 855 754 939 herbarumque
768 857 956 923 vernaculis
968 857 1156 922 nominibus
1169 859 1236 940 sig·

142 953 282 1020 randis:
307 954 369 1019 sed
388 956 585 1039 gravissima
613 955 704 1020 luere
724 956 940 1022 dissentiendi
965 965 1170 1042 argumenta,
1183 957 1234 1021 in·

143 1061 327 1138 gentesque
341 1075 454 1120 causae
468 1076 476 1116 z
491 1056 534 1121 de
548 1056 672 1140 quibus
681 1056 843 1140 judicium
857 1059 962 1123 iaciet
969 1061 1077 1126 omnis
1087 1059 1217 1125 erudito
1230 1091 1235 1100 ·

144 1175 216 1220 rum
233 1157 389 1224 Senatus.

186 1256 229 1322 In
243 1257 486 1342 Geographieis
500 1258 632 1342 quidem
644 1265 793 1324 vetustos
807 1265 971 1338 auctores,
986 1261 1136 1326 Tabulas
1152 1282 1233 1327 nau·

143 1357 243 1436 ticos,
265 1357 439 1422 Itineraria
452 1364 597 1423 veterum
618 1361 838 1426 recentinmve
859 1363 1072 1445 scriptorum,
1088 1363 1232 1450 Inscrip-

142 1460 250 1524 tiones
265 1461 429 1543 antiquae,
456 1461 605 1526 Notitiae
627 1462 883 1529 Ecclesiasticus
899 1463 1038 1528 Graecas
1053 1465 1178 1548 pariter
1191 1484 1231 1532 ec

143 1559 294 1639 latinas,
318 1567 444 1626 veteres
467 1580 630 1640 nummos,
652 1563 785 1647 aliaque
798 1564 919 1629 similia
934 1564 1123 1649 adjumenta
1138 1566 1231 1630 edhi-

141 1663 295 1727 buimusz
319 1681 397 1746 qum
411 1665 576 1746 prioribus
591 1670 649 1728 eut
662 1665 790 1730 latuere
804 1666 951 1740 omnino,
966 1673 1026 1731 aut
1038 1665 1231 1733 difficilioris

140 1765 219 1830 risa
232 1771 310 1828 sunt
324 1765 524 1850 explicatus,
535 1765 734 1849 molestique
749 1765 890 1832 fastidii.
912 1766 979 1831 Sed
994 1773 1028 1832 et
1041 1767 1129 1832 viros
1144 1785 1232 1851 prte-

140 1873 248 1943 terea,
271 1865 330 1949 qui
343 1866 422 1932 loca
437 1886 477 1931 ea
490 1867 684 1948 lustrarunt,
708 1867 802 1934 Asiae
827 1869 984 1947 maxime,
1007 1869 1231 1955 Graciaeque,

43 2031 46 2038 ,
141 1967 250 2052 Syriae
269 1985 310 2031 ac
329 1966 596 2051 Mesopotamiae,
610 1968 645 2032 in
663 1969 725 2033 hao
749 1973 855 2052 parte,
869 1969 994 2033 indices
1006 1970 1155 2036 locorum
1172 1971 1232 2036 ha·

140 2067 291 2146 brimus,
305 2075 340 2134 et
355 2071 466 2152 operis
482 2069 661 2153 adjutores.

184 2169 226 2234 In
249 2171 465 2234 animantium
490 2170 609 2234 deinde
631 2175 749 2236 natura
771 2172 985 2255 explicanda,
1005 2179 1164 2257 quantum
1178 2180 1230 2238 est

140 2276 311 2336 auctorum
327 2278 474 2336 veterum
490 2290 530 2335 oc
553 2271 744 2349 recentium,
765 2273 824 2356 qui
845 2273 915 2336 sint
933 2273 967 2336 in
983 2291 1023 2337 eo
1038 2279 1229 2355 argumento

139 2375 275 2449 versati,
298 2373 488 2441 ascivimus.
533 2371 573 2436 ln
597 2392 633 2436 re
655 2372 818 2450 herbaria,
840 2392 907 2436 non
927 2393 986 2438 eos
1000 2373 1099 2438 modo
1113 2375 1172 2457 qui
1185 2375 1227 2438 de

140 2493 181 2538 ee
195 2475 410 2540 commentati
425 2480 513 2550 sunt,
523 2473 586 2542 ,sed
604 2481 638 2539 et
651 2493 735 2552 eam,
751 2495 827 2558 quar
839 2473 894 2538 hic
908 2475 1055 2539 maxime
1066 2491 1107 2539 ac
1118 2494 1226 2559 prope

140 2574 212 2640 sola
227 2574 425 2653 dominatur,
444 2574 601 2650 circuiere:
628 2576 717 2658 quod
733 2583 768 2640 et
782 2575 912 2639 Plinius
925 2576 958 2639 in
974 2593 1036 2640 suo
1050 2575 1115 2640 hoc
1129 2595 1226 2659 opere

138 2676 371 2741 concinnando
390 2675 510 2742 iecisse
525 2675 702 2760 gloriator.¹
746 2677 872 2742 Pauca·
896 2684 974 2740 sunt
994 2677 1082 2742 enim
1097 2695 1139 2741 ex
1154 2677 1228 2741 her·

138 2777 194 2841 bis
208 2777 263 2855 iis,
274 2794 359 2860 ques
373 2777 502 2842 Plinius
518 2779 633 2861 attigit,
648 2798 726 2864 qum
741 2799 806 2844 non
821 2779 938 2842 luerint
951 2777 1078 2842 anobis
1089 2774 1123 2840 in
1135 2773 1227 2841 Hor-

139 2885 174 2944 to
197 2879 368 2962 praecipue
395 2879 503 2962 Regio
526 2881 764 2946 animadversa
785 2879 968 2962 diligenter,
993 2882 1062 2943 turn
1083 2877 1227 2942 maxime

140 2999 217 3046 cnm
232 2981 387 3062 singulari
401 3001 480 3046 cura
501 2983 531 3046 is
553 2983 725 3055 coleretur,
746 2980 950 3064 totidemque
964 2979 1031 3043 sore
1049 2979 1224 3044 herbarum

139 3101 260 3164 genera
281 3101 397 3165 reapse
421 3082 599 3162 exhiberet,
623 3090 706 3169 quot
725 3085 760 3148 in
785 3081 897 3147 indice
914 3081 1003 3164 typis
1024 3079 1115 3157 edito
1141 3099 1225 3143 anno

141 3200 312 3248 uncuxv.
327 3185 546 3249 continentur.
589 3184 673 3249 Sunt
687 3184 835 3267 singulae,
857 3181 1005 3265 inquam,
1020 3179 1067 3244 ibi
1081 3198 1222 3272 praeser-

138 3287 211 3364 tim,
223 3286 368 3369 aliisque
376 3287 410 3349 in
419 3285 705 3363 hortulis,anoltis
716 3285 912 3368 exploratae,
922 3281 1140 3363 omnibusque
1150 3279 1218 3342 lere

139 3390 230 3453 notis
254 3405 431 3469 congruere
453 3407 526 3451 curn
554 3387 709 3452 Pliniana
725 3384 950 3450 delineatione
964 3381 1200 3465 deprehensor

183 3489 338 3573 Denique
352 3491 386 3554 in
402 3507 436 3553 re
449 3489 592 3566 medica,
607 3495 641 3553 et
653 3507 712 3554 eos
726 3487 900 3569 diligenter
908 3487 985 3548 cuni
997 3481 1108 3548 Plinio
1120 3481 1225 3564 scrip-

138 3599 228 3656 tores
243 3590 456 3669 contolimus,
478 3610 500 3655 a
520 3591 642 3674 quibus
657 3591 713 3654 ille
727 3596 878 3653 mntuunr
892 3583 1040 3668 accepit,
1061 3589 1094 3647 et
1109 3583 1167 3665 qni
1181 3583 1225 3646 ab

138 3693 259 3771 eodem
272 3691 390 3756 deinde
406 3693 527 3775 pariter
538 3691 688 3758 mutuati.
721 3689 850 3754 Horum
864 3692 976 3752 antem
992 3683 1149 3760 omnium,
1163 3681 1224 3747 ulti

136 3813 189 3860 ros
209 3795 331 3878 poscit,
359 3794 460 3859 verba
483 3793 703 3878 proferimus:
736 3790 857 3856 iisdem
880 3785 1056 3864 interdum,
1082 3786 1241 3850 brevitas

135 3897 182 3960 tis
201 3894 325 3973 studio,
341 3895 610 3978 supersedemus:
633 3893 797 3976 designari
806 3892 919 3956 locum
943 3888 1028 3953 satis
1050 3904 1125 3950 esse
1140 3885 1222 3949 rati:
1280 3897 1282 3902 '

135 4003 292 4080 unquam
307 3997 337 4062 si
352 3995 613 4059 non⁸doceamus
629 3995 687 4072 ibi,
704 3994 765 4058 sed
781 3983 1019 4058 admoneamus
1034 3987 1201 4051 docturos.

551 4226 558 4262 ¹
569 4225 624 4276 Lib.
637 4239 703 4278 xxv.
715 4231 777 4274 rect.
790 4229 813 4272 t.
