3006 4874
241 380 306 446 146
552 434 556 442 .
669 399 900 449 rssrruorrrr
1005 423 1008 443 ς

242 540 325 606 citio
338 538 528 626 principum
539 541 564 582 ¹⁶
586 542 717 608 fuisset
750 543 895 609 'Rursus
909 564 985 611 cunr
1000 547 1097 611 audis
1113 545 1194 630 quid
1210 547 1331 638 studiis

240 641 369 707 laboris
385 643 596 727 impenderit,
610 664 674 710 nec
689 646 868 730 scripsisse
884 649 978 726 setis,
993 667 1055 714 neo
1069 649 1213 731 legisset
1237 647 1330 725 Quid

241 751 295 808 est
308 743 407 821 enim,
422 745 513 828 quod
528 766 596 811 non
610 755 669 812 aut
679 746 746 811 illae
758 749 996 831 occupationes
1007 749 1175 832 impedire,
1186 747 1331 812 authoec

239 847 402 913 instantia
415 867 483 913 non
497 848 605 931 possit
618 847 769 913 efficeret
814 847 934 932 Itaque
946 850 1037 914 soleo
1052 849 1168 926 ridere,
1187 868 1265 912 cum
1279 868 1331 910 me

241 949 383 1032 quidam·
391 950 580 1016 studiosum
594 957 728 1028 vocant,
742 951 813 1034 qui,
836 951 867 1016 si
883 970 1056 1035 comparer
1070 950 1131 1027 illi,
1145 955 1226 1014 'sum
1240 949 1331 1013 desi-

240 1048 461 1118 diosissimos.
506 1051 578 1133 Ego
595 1059 708 1116 autem
724 1057 865 1130 tantum,
881 1073 981 1137 quem
991 1057 1016 1102 ¹⁷
1027 1053 1159 1137 'partim
1182 1051 1332 1135 publica,

240 1152 363 1232 partim
380 1154 561 1218 amicorum
575 1151 685 1219 officia
705 1153 938 1238 destringunt'i
948 1154 973 1193 ¹⁸
1018 1153 1106 1232 Quis
1121 1172 1170 1232 en
1182 1153 1257 1216 istis
1272 1153 1331 1235 qui

240 1257 316 1316 tota
329 1255 398 1318 vita
412 1254 517 1319 literis
532 1255 692 1332 assident,
714 1255 859 1320 collatus
880 1256 939 1333 ilii,
960 1275 1029 1320 nou
1051 1255 1148 1340 quasi
1168 1271 1286 1316 somno
1299 1257 1333 1316 et

239 1354 371 1419 inertiae
386 1354 521 1420 deditus
533 1357 733 1422 erubescatt
778 1356 925 1422 Extendi
939 1357 1127 1440 epistolam,
1142 1354 1296 1438 quemvis
1307 1361 1332 1403 ¹⁹

239 1453 304 1518 hoc
329 1455 448 1532 solum,
475 1456 565 1538 quod
590 1457 794 1540 requirebas,
825 1459 969 1523 scribere
992 1459 1219 1532 destinassem,
1246 1473 1331 1536 quos

239 1556 375 1620 scilicet
388 1557 492 1621 libros
507 1557 709 1641 reliquisset.
765 1557 908 1624 Confido
927 1566 1036 1624 tumen
1049 1559 1124 1623 haec
1140 1575 1275 1641 quoque
1288 1556 1331 1618 ti-

171 1643 174 1650 ’
239 1655 357 1720 bi'non
371 1658 479 1723 minus
494 1667 600 1740 grate,
621 1680 723 1744 quam
736 1661 831 1743 ipsos
844 1661 961 1736 libros,
982 1657 1104 1737 sutura,
1119 1677 1197 1742 quae
1216 1663 1249 1722 te
1263 1676 1330 1720 nou

239 1760 368 1820 tanturn
397 1756 440 1822 sd
466 1758 627 1840 legendos
649 1779 720 1838 eos,
742 1780 856 1825 verum
880 1762 980 1824 etiam
1006 1760 1049 1824 ed
1070 1760 1180 1824 similo
1200 1754 1330 1840 aliquid

239 1853 488 1938 elaborandum,
505 1866 644 1944 possunt
657 1862 879 1928 emulationis
894 1861 1037 1926 stimulis
1047 1862 1206 1926 excitare.
1232 1856 1330 1923 Vale.

697 2055 875 2078 omnnem

239 2201 282 2250 ap.
294 2185 473 2236 (irenen-ld
488 2186 551 2235 Ver.
569 2187 684 2250 lestap.
704 2187 818 2237 Gronov.
834 2189 1018 2251 principia-ll
1036 2189 1098 2237 Ver.
1114 2188 1175 2237 lect.
1191 2202 1233 2250 ap.
1252 2190 1331 2241 eund.

237 2253 423 2316 quartam-18
435 2249 478 2298 lte
486 2250 590 2300 Brotier
601 2258 628 2300 et
639 2251 699 2300 edd.
712 2259 823 2302 recentt.
835 2253 912 2302 Plinii
921 2253 1042 2304 Juuioris.
1066 2253 1163 2313 Ceteri,
1173 2253 1330 2315 distringunt.

238 2323 245 2346 ⁸
259 2315 317 2366 Non
330 2312 476 2376 ebandum
487 2321 587 2365 tantum
598 2313 678 2365 rreol
690 2315 862 2366 Graeca-19
870 2317 932 2368 Ver.
942 2319 1003 2367 lect.
1015 2331 1056 2381 sp.
1069 2316 1183 2366 Gronov.
1193 2332 1272 2381 quem.

592 2630 670 2694 Inn.
695 2648 745 2694 vr.
774 2631 897 2698 Errsr.
917 2631 969 2696 16.
1090 2689 1094 2698 .

528 2837 568 2903 C.
591 2840 720 2908 Plinius
741 2843 863 2908 Tacito
886 2842 957 2908 Suo
980 2842 1016 2908 S.
1091 2831 1097 2838 ’

279 3049 373 3116 Petis
386 3056 424 3116 ut
435 3053 497 3117 tibi
510 3056 664 3120 avunculi
679 3059 745 3121 mei
758 3058 888 3122 exitum
899 3057 1056 3134 scribam,
1066 3073 1133 3139 quo
1143 3052 1254 3118 verius
1263 3055 1326 3114 tra-

237 3148 314 3214 dere
329 3154 468 3235 posteris
484 3157 612 3239 possis.
650 3157 785 3223 Gratias
799 3178 875 3241 ago.
908 3157 997 3224 Nam
1013 3157 1112 3222 video
1126 3154 1225 3220 morti
1239 3153 1326 3236 ejus,

237 3249 267 3312 si
288 3250 470 3318 celebretur
488 3275 511 3320 a
534 3262 580 3334 te,
601 3257 822 3324 immortalem
846 3261 984 3342 gloriam
1006 3278 1080 3326 esse
1106 3255 1325 3341 propositam.

237 3350 402 3429 Quemvis
425 3357 513 3420 enim
536 3359 827 3440 pulcherrimarum
843 3360 940 3426 clade
956 3369 1127 3433 tertarum,
1141 3364 1180 3423 ut
1194 3355 1325 3439 populi,

235 3457 273 3514 ut
287 3453 398 3531 urbes,
413 3457 618 3523 memorabili
630 3479 723 3537 casu,
737 3462 837 3543 quasi
850 3481 981 3544 semper
994 3461 1144 3526 victurus
1157 3457 1326 3529 occiderit,

235 3553 391 3633 quamvis
413 3555 486 3637 ipse
506 3557 651 3638 plurima
669 3563 848 3646 scripserit,
869 3564 966 3647 plura
983 3567 1092 3627 tamen
1107 3557 1324 3644 perpetuitati

234 3650 308 3731 ejus
322 3654 522 3737 scriptorum
538 3665 669 3725 tuorum
684 3665 856 3728 aeternitas
868 3665 982 3730 addet.
1027 3660 1191 3746 Equidem
1206 3661 1324 3726 beatos

233 3757 327 3834 puto,
337 3754 460 3836 quibus
476 3757 625 3825 Deorum
637 3781 769 3828 munere
783 3766 899 3830 datum
910 3771 974 3844 est,
987 3773 1046 3830 aut
1055 3763 1165 3828 iecere
1179 3759 1324 3826 scriben-

233 3851 290 3932 da,
305 3859 364 3918 aut
379 3856 523 3926 scribere
546 3860 703 3944 legenda:
716 3867 935 3956 ¹beatissimos
954 3887 1044 3946 vero,
1063 3865 1185 3950 quibus
1198 3868 1323 3925 utrum-

234 3972 309 4034 que.
354 3954 486 4022 Horum
510 3961 544 4024 in
565 3979 702 4030 numero
722 3972 906 4036 avunculus
927 3989 1023 4034 meus
1047 3974 1081 4033 et
1094 3965 1165 4030 suis
1178 3962 1273 4027 libris
1288 3968 1323 4024 et

232 4056 300 4117 tuis
315 4058 385 4122 erit.
431 4059 509 4138 Quo
523 4061 686 4129 libentius
700 4069 861 4151 suscipio,
876 4070 1028 4154 deposco
1042 4068 1155 4144 etiam,
1165 4061 1257 4147 quod
1270 4062 1321 4124 in-

227 4150 354 4237 jungis.
389 4159 472 4227 Erat
486 4161 620 4243 Miseni,
633 4166 841 4252 classemque
853 4172 993 4255 imperio
1004 4191 1152 4256 praeseus
1168 4178 1321 4258 regebat:
