3016 4876
433 403 565 450 necaro
589 402 614 452 r.
638 403 753 452 rrum
779 403 961 453 crclnrsr.
1195 391 1236 453 ll

153 544 299 609 noctium
318 551 443 628 partem
466 547 633 612 traducere
655 549 849 626 insomnem,
870 548 1017 613 defixum
1038 551 1071 614 in'
1093 550 1235 632 imagine

154 644 354 729 Calpurniae,
367 648 489 731 quibus
503 649 580 713 item
602 651 692 714 horis
708 649 849 714 interdiu
868 650 911 714 ad
932 669 1004 713 eam
1028 653 1075 714 ire
1098 670 1238 716 consue·

153 755 262 824 verat,
272 748 314 811 ad
326 748 399 830 ejus
413 749 547 816 diaetam
561 752 669 833 ipsum
684 771 733 828 se,
748 759 787 814 ut
800 751 934 828 dicitur,
943 751 1104 815 ducerent
1118 753 1234 833 pedes,

154 849 212 932 qui
228 849 371 930 danique
382 869 471 929 segor
483 857 600 926 monte,
613 851 776 915 etsinrilis
792 853 945 927 excluso,
961 873 982 914 a
996 872 1105 916 vacuo
1120 853 1238 918 limine·

154 948 359 1014 recedereti’
401 951 516 1015 Taceo
538 953 676 1036 reliqua.
720 953 799 1017 Non
814 961 868 1016 est
884 954 994 1035 igitur,
1013 952 1143 1030 Patres,
1167 973 1234 1018 non

157 1056 209 1113 est
224 1049 297 1114 haec
311 1051 371 1114 illa
384 1050 566 1135 Calpnmia
580 1053 697 1118 Prisca
711 1054 852 1119 Panthei
870 1055 1072 1119 Veronensis
1089 1075 1099 1134 ;
1120 1055 1179 1118 sod
1195 1056 1243 1118 al·

158 1156 226 1216 tera
241 1150 343 1214 Plinii
357 1151 380 1216 J
382 1154 505 1217 unioris
520 1173 606 1218 uxor
617 1155 880 1218 Novocomensis
892 1156 931 1219 L.
944 1156 1116 1238 Calpurnii
1131 1155 1240 1222 Faba-

159 1253 183 1314 ti
197 1252 318 1332 neptis,
333 1253 430 1336 cujus
443 1255 561 1318 similis
577 1254 672 1318 Comi
688 1256 803 1320 titulus
817 1257 852 1319 in
868 1277 1051 1322 marmorea
1063 1259 1176 1323 tabula
1191 1258 1239 1320 le·

160 1353 266 1432 gitur:

459 1473 492 1519 ι.
512 1471 750 1520 cncrvttruvs
774 1473 804 1521 n.
821 1473 851 1520 r.
867 1473 949 1521 ovr.

619 1573 797 1622 rsul‘rvs.

366 1671 508 1729 vaura.
526 1673 595 1720 rur.
611 1673 689 1719 vra.
708 1674 729 1720 1.
743 1677 778 1721 n.
793 1675 852 1721 ra.
868 1675 906 1720 rr.
924 1675 1041 1723 rann.

378 1773 493 1820 rnen.
508 1775 633 1822 cerev.
649 1774 687 1821 rr.
704 1774 786 1823 nuc.
799 1773 886 1821 xxr.
898 1775 1032 1822 aureo.

410 1875 525 1922 remu.
540 1875 725 1923 concurre
743 1875 808 1921 vrr.
828 1875 1001 1923 nvsmsn.

382 2015 387 2023 .
426 1977 471 2022 nr·
487 1976 643 2024 aaaron.
659 1975 832 2024 curvato.
849 1975 987 2025 naseu.

483 2078 565 2136 ovs
586 2077 683 2126 svm·
705 2078 744 2125 ru
762 2077 928 2125 uvrrrnm

422 2180 533 2226 ruam.
548 2181 627 2226 nrvr
651 2181 737 2227 evo.
754 2179 994 2227 rsuaruouro

616 2283 649 2328 n.
699 2282 729 2329 s.
779 2280 804 2329 1.

212 2364 313 2428 Hunc
325 2368 335 2398 ‘
346 2383 561 2446 prosocerum
573 2363 716 2448 'saepius
728 2366 760 2429 in
773 2365 935 2447 Epistolis
947 2363 1079 2428 Plinius
1091 2365 1252 2448 appellat.

168 2463 225 2529 Ad
238 2466 377 2530 eundem
391 2467 474 2530 libro
491 2473 612 2531 octavo
627 2468 668 2532 de
684 2467 794 2550 neptis
807 2468 926 2530 abortu
942 2465 1067 2542 scribit,
1082 2485 1140 2548 per
1154 2483 1252 2548 quern

168 2567 218 2632 illi
249 2572 473 2650 pronepotem,
499 2568 563 2630 sibi
588 2586 666 2632 vero
689 2567 790 2630 tilium
819 2556 1008 2648 surreptum
1033 2567 1253 2649 conqueritur.

169 2669 330 2732 Proxime
343 2666 387 2731 ad
403 2667 599 2749 Hispullam
615 2667 718 2732 filiam
733 2665 855 2729 Fabati
867 2667 1044 2748 prosoceri,
1054 2667 1161 2730 soceri
1177 2686 1254 2730 vero

170 2787 325 2844 sororem,
350 2776 384 2832 et
409 2769 545 2832 amitam
569 2768 772 2852 calpurnio,
788 2768 829 2832 de
852 2769 967 2832 abortu
989 2768 1103 2832 eodem
1126 2767 1254 2843 scribit,

170 2889 269 2952 quem
283 2870 437 2932 excusari
453 2870 498 2933 ab
512 2890 554 2934 ea
568 2871 655 2951 patri
677 2869 808 2932 Fabato
831 2869 944 2933 vellet.
988 2869 1041 2932 Ad
1057 2887 1157 2950 quem
1166 2868 1255 2931 libro

172 2975 292 3054 quarto
303 2971 345 3034 de
359 2970 548 3053 Calpurniae
564 2970 676 3034 studio
692 2970 861 3034 literarum
874 2968 1000 3046 scribit,
1014 2971 1114 3031 ‘suos
1123 2967 1256 3047 libellos

172 3073 306 3148 habere,
321 3071 480 3148 lectitare,
495 3071 682 3147 addiscere,
697 3089 813 3134 versus
835 3075 981 3146 cantaro,
998 3087 1038 3132 ao
1052 3069 1194 3132 l'ormare
1209 3068 1257 3132 ci·

173 3172 280 3250 thara,
293 3191 359 3236 non
374 3171 500 3236 artifice
510 3173 623 3254 aliquo
634 3172 784 3248 docente,
797 3172 856 3236 sed
871 3189 981 3234 amore
991 3169 1010 3250 3’
1025 3187 1102 3251 qure
1117 3167 1257 3251 Calpur·

172 3275 250 3347 niae,
273 3274 315 3338 ad
332 3292 431 3355 quarn
447 3273 622 3355 Epistolre,
637 3291 722 3356 quas
735 3273 888 3356 proxime
904 3272 1110 3347 dicebamus,
1131 3276 1257 3346 extant,

174 3377 351 3440 convenire
365 3393 463 3439 nemo
479 3374 634 3439 dubitare
655 3381 787 3456 potest3
817 3373 882 3437 nisi
903 3373 960 3455 qui
981 3372 1045 3434 sibi
1066 3371 1259 3434 obstinatio·

174 3495 248 3540 nom
270 3477 438 3540 mordicus
454 3483 576 3552 tenere,
591 3495 657 3539 non
679 3476 836 3539 rationem
856 3471 1014 3555 amplecti
1035 3473 1259 3538 constituerit:

176 3576 301 3657 quibus
316 3575 445 3640 Sidonii
461 3595 591 3658 quoqne
607 3577 838 3640 anctoritatem
853 3573 972 3638 addere
986 3573 1093 3637 visum
1108 3580 1161 3636 est
1173 3573 1260 3638 libro

176 3675 401 3758 Epistolarum
416 3695 549 3740 suarum
565 3676 715 3740 secundo
732 3677 924 3739 scribentis:
947 3675 1046 3740 ‘Sine
1057 3675 1262 3740 tinelectitn·

176 3777 257 3854 rias,
271 3795 377 3859 neque
392 3777 541 3860 patiaris,
556 3787 595 3842 ut
609 3784 641 3841 te
654 3778 697 3840 ab
710 3777 774 3840 hoc
788 3775 961 3859 proposito
976 3775 1166 3858 propediem
1183 3793 1261 3839 oon·

173 3877 239 3960 jux
253 3877 384 3942 domum
399 3879 542 3942 feliciter
554 3879 705 3944 ducende
719 3878 885 3954 deflectat,
900 3876 1093 3960 oppidoque
1108 3876 1261 3938 memine-

178 3979 238 4056 ris,
255 3979 345 4060 quod
359 3980 438 4042 olim
461 3979 587 4044 Martia
606 3980 799 4058 Hortensio,
813 3980 967 4044 Terentia
983 3963 1107 4052 Tullio,
1123 3974 1262 4057 Calpur-

178 4079 235 4144 nia
249 4079 371 4156 Plinio,
389 4079 579 4145 Pudentilla
602 4080 757 4166 Apuleio,
779 4079 981 4144 Rusticiana
998 4076 1198 4162 Symmacho
1217 4078 1264 4140 le-

179 4180 332 4262 gentibus
353 4180 654 4266 meditantibusque
669 4180 828 4247 candelas
843 4185 876 4246 et
890 4177 1088 4245 candelebra
1109 4177 1260 4244 tonuere.¹
