3056 4878
516 395 600 444 ruer.
624 396 722 445 nrsr.
749 398 819 446 crs.
843 397 881 446 rr.
907 381 956 445 13.
1223 383 1288 450 373

204 555 269 600 nou
283 533 445 600 excedens
469 555 557 601 eum.
602 540 658 603 Ab
670 539 723 604 his
738 537 899 605 Mercurii
922 540 1017 605 steiie
1037 541 1225 621 laxissime,
1250 552 1288 610 nt

205 641 344 702 tamone
358 635 522 702 duodenis
537 641 706 726 pertibus(
724 645 775 704 tot
787 642 874 706 enim
888 646 965 706 sunt
977 642 1166 708 latitudinis
1177 642 1206 728 ‘)
1221 665 1287 710 non

203 736 348 821 emplius
366 746 507 802 octonos
531 747 683 822 pererret,
702 760 810 825 neque
831 743 893 806 hus
914 744 1096 824 aequaliter,
1121 744 1180 809 sed
1203 746 1288 810 dnus

203 837 340 902 medio?
357 838 441 921 ejus,
456 845 490 903 et
512 860 613 924 supra
635 850 787 926 quatuor,
808 842 894 907 inire
918 843 1031 908 dnus-⁹
1074 844 1136 908 Sol
1150 845 1289 909 deindeq

204 939 311 1003 medio
325 938 427 1004 fertur
447 941 532 1005 inter
556 941 638 1007 dues
661 950 772 1026 peries
786 942 941 1009 flexuoso
969 945 1159 1009 Druconum
1180 952 1288 1011 meatu

204 1040 399 1122 inaequuiiss
421 1039 677 1108 Mertis‘steiie¹
697 1051 835 1127 quatuor
854 1045 994 1122 medios,
1008 1044 1125 1110 Jovis'
1147 1046 1290 1110 mediam

204 1147 238 1206 ot
260 1160 443 1224 supeream
464 1141 569 1208 duest
591 1143 725 1208 Saturni
739 1142 929 1222 duobus,¹⁰‘
952 1151 990 1210 nt
1004 1146 1075 1212 Sol.
1120 1145 1208 1209 Hoeo
1229 1146 1291 1212 erit

202 1240 413 1306 latitudinum
428 1244 511 1307 ratio
525 1244 567 1308 ud
582 1245 745 1310 Austrum
759 1245 1040 1324 descendentium,
1055 1253 1113 1310 eui
1125 1246 1169 1311 ed
1183 1246 1290 1330 Aqui·

203 1341 312 1406 lonem
343 1343 564 1410 subeuntium.
619 1345 699 1409 Hoc
727 1353 902 1412 constare⁰
932 1354 965 1412 et
990 1345 1121 1412 tertiam
1149 1345 1242 1411 ilium
1269 1366 1291 1411 o

208 1535 1291 1674 &qqchqueuemzoomruuunueuperserveremusmous

207 1865 316 1915 eumque
335 1856 417 1931 qeeuti
427 1855 524 1908 iiiiier.
534 1858 641 1936 Bipont5
652 1867 680 1908 et
692 1859 834 1938 Frena-ti
851 1858 1099 1935 Vet3Deiecernpii,
1114 1860 1179 1908 istre
1192 1859 1292 1934 deusq-

207 1916 1292 2050 uiuit:restituitur:titutum:utriustri:

696 2149 801 2200 Note

237 2271 316 2322 sdes
332 2274 392 2324 dees
410 2275 496 2340 suedie]
521 2277 593 2327 Dues
619 2276 727 2329 Zodieci
769 2278 905 2331 Buiiieido.

207 2355 295 2413 pertes
305 2364 349 2400 eeu
360 2350 454 2415 gredm
467 2361 593 2416 pererret,
603 2367 661 2404 eum
673 2355 728 2418 ipse
800 2354 903 2419 Ἰνώ]
921 2353 994 2407 dosis
1012 2353 1088 2405 steiie
1110 2351 1219 2402 medient
1241 2351 1291 2402 Zo-

207 2437 254 2488 per
269 2424 380 2475 medinm
397 2427 493 2478 incedit
502 2427 666 2492 signiferum:
687 2446 728 2480 su·
769 2429 835 2479 disci
847 2439 947 2494 pestem
959 2437 1093 2495 pererret:
1111 2435 1138 2478 et
1146 2442 1225 2492 snper
1236 2443 1291 2476 rem

206 2512 263 2564 pre,
274 2513 331 2550 eum
343 2499 457 2552 deflectit
468 2500 500 2552 ed
512 2502 673 2569 Aquilonem,
684 2520 729 2570 per
769 2514 857 2570 peries
866 2504 937 2556 dues.
969 2505 1013 2555 Sie
1024 2512 1051 2554 et
1064 2517 1129 2553 nuuc
1138 2517 1238 2567 qnoque
1246 2503 1293 2554 Jo-

208 2579 318 2637 quetnor
335 2576 398 2626 eiies
414 2577 525 2640 ejusdem
544 2587 631 2642 pertes
653 2595 728 2644 vege·
770 2581 807 2630 sis
823 2581 962 2632 discessum
983 2581 1015 2630 eb
1034 2581 1156 2642 eoiiptiee
1175 2580 1222 2628 hoc
1237 2592 1293 2628 seso

208 2655 267 2698 ter:
287 2649 365 2713 int're,
379 2667 437 2701 eum
459 2653 593 2704 deseendit
610 2655 643 2705 ed
665 2655 730 2706 Aue-
770 2657 917 2708 Astronomi
928 2670 979 2707 uuo
995 2663 1093 2705 tentum
1109 2653 1190 2718 gredo
1206 2654 1293 2702 utrim-

208 2730 283 2787 trum,
300 2723 411 2777 discedit
424 2728 531 2779 duebus.
564 2729 608 2780 Sic
619 2731 730 2780 istitudo
770 2745 819 2795 que
831 2731 986 2796 dimidioque
997 2729 1102 2779 finiunt.

207 2801 332 2852 Mercurii
352 2804 471 2868 merisne,
491 2820 537 2855 sen
556 2805 682 2859 discessus
698 2809 730 2858 sb
802 2807 810 2838 ¹
826 2803 1037 2868 sumersetis]
1054 2803 1096 2853 ite
1116 2803 1180 2852 Mes.
1193 2803 1258 2866 Req.
1269 2806 1293 2852 t.

207 2875 411 2940 eeiiptieeiuerit
417 2878 541 2943 graduum
549 2883 651 2932 omnino
660 2883 731 2947 quin·
770 2895 797 2935 et
811 2883 894 2936 curti.
906 2899 966 2948 nou,
983 2890 1012 2933 ut
1026 2883 1079 2938 eiii,
1089 2884 1157 2932 dees.
1189 2882 1225 2930 Ut
1238 2881 1293 2934 Sei.

208 2957 267 3016 qire.
303 2955 379 3005 Nune
401 2957 510 3020 emptius
527 2971 602 3008 senos
622 2961 731 3010 recenti·
770 2960 863 3026 iuquit,
873 2959 956 3010 medio
966 2957 1048 3008 fertur
1059 2957 1172 3007 Zodieco
1183 2956 1294 3019 ineque·

208 3041 266 3078 ores
277 3036 411 3082 stetuuut:
429 3046 523 3096 nempe
534 3047 572 3096 qr.
582 3038 608 3084 d.
620 3035 680 3084 usin.
691 3041 731 3086 tt.
771 3036 811 3098 iis,
825 3033 940 3084 flexuoso
951 3033 1091 3084 drecouuns
1110 3033 1206 3082 meetui
1224 3032 1295 3080 simi-

207 3103 425 3170 Videseirottum,
436 3107 569 3160 ioc.cit.et
580 3109 731 3176 Riecioium,
770 3113 811 3173 iis,
826 3111 863 3161 sie
879 3110 982 3160 Setnrui
998 3109 1075 3160 steiie
1085 3107 1183 3158 duetus
1195 3107 1295 3158 incedit

207 3185 269 3230 ¹⁰¹³·
280 3193 300 3230 ¹·
315 3197 342 3244 1)-
353 3185 410 3233 628·
771 3187 898 3252 pertibus,
919 3184 1021 3238 turned
1041 3183 1174 3242 Austrum,
1191 3189 1244 3231 torn
1262 3181 1295 3230 ed

240 3255 310 3303 esar
325 3255 420 3319 dsisde]
445 3257 532 3308 Solem
547 3262 585 3312 eit
597 3277 641 3326 per
653 3262 730 3312 medi·
771 3263 932 3328 Aquilonem.
964 3261 1091 3312 Aroteres
1116 3259 1230 3323 proxime
1250 3273 1296 3322 ep·

208 3345 250 3379 um
271 3331 368 3380 moseri
389 3331 536 3392 Zodiecum,
555 3337 603 3387 sois
619 3354 650 3388 ee
664 3339 732 3388 iiuee
772 3339 862 3404 peiieti
872 3338 1011 3388 seturnnm
1027 3337 1099 3386 siunt
1109 3336 1251 3386 desciscere
1262 3334 1295 3383 eis

208 3419 266 3470 qum
277 3405 416 3457 Zodiecnm
432 3409 457 3457 iu
475 3417 562 3472 pestes
573 3412 637 3463 duss
648 3428 733 3478 reque·
772 3414 902 3478 Eeiiptiee
917 3411 1040 3476 preditos
1058 3410 1124 3460 binis
1141 3424 1199 3460 eum
1210 3409 1295 3459 semie-

208 3481 246 3530 iee
256 3487 345 3532 secet:
363 3482 400 3533 sie
415 3490 502 3534 entem
515 3487 610 3536 moseri
622 3489 733 3551 ineque·
772 3503 810 3540 ee.

208 3558 278 3619 liter,
299 3571 359 3608 ruox
377 3557 510 3610 subeundo
526 3561 550 3610 in
569 3561 734 3628 Aquiionem,
802 3573 815 3600 ¹
832 3565 887 3615 Hes
896 3561 1011 3627 medere]
1025 3563 1138 3614 'i'ertienr
1150 3559 1295 3612 eititudiuis

208 3647 268 3682 mos
276 3633 302 3682 in
312 3633 432 3684 Austrum
439 3632 733 3700 descendendo,utiiex·
771 3642 902 3692 steiierum
914 3653 1027 3700 censere,
1039 3638 1072 3689 de
1087 3652 1138 3704 qus
1148 3637 1244 3686 dictum
1256 3642 1297 3685 est

210 3722 285 3758 uosos
294 3706 432 3760 dreeonurn
441 3721 540 3763 mestus
549 3713 642 3766 imiteri
653 3713 732 3779 qood·
772 3718 849 3782 penio
858 3718 985 3782 superius,
999 3713 1083 3766 ceseii
1095 3726 1214 3762 mensure
1231 3711 1297 3775 peti·

209 3784 326 3834 smmodo
338 3785 464 3838 sideetur.
771 3803 834 3857 tem,
845 3794 894 3843 iroc
910 3799 960 3854 est,
976 3805 1008 3840 es
1023 3789 1167 3840 eiesetioue
1183 3788 1296 3852 pienetre

240 3868 250 3894 ¹
265 3860 356 3910 Merite
370 3862 451 3927 melio]
468 3863 552 3928 Igitur
566 3865 599 3916 eb
609 3866 733 3930 eoiiptice
770 3883 849 3932 supre
868 3866 1038 3931 horizontem,
1052 3863 1155 3930 quidem
1174 3869 1297 3927 poterunt

206 3938 318 3988 discedit
328 3938 457 4004 utrimque
470 3939 535 3990 binis
548 3943 673 4005 pertibus.
689 3941 732 3992 Ab
771 3939 1178 3993 eendemesseoumiesitudinum
1187 3939 1297 4001 retioee,

206 4027 238 4066 ee
249 4016 377 4066 sententie
388 4015 455 4065 heud
464 4017 570 4068 muitum
581 4018 682 4068 eisindit
693 4032 731 4068 re·
773 4017 823 4066 reti
833 4019 933 4082 quoties
943 4018 1019 4066 steiie
1028 4023 1068 4067 eet
1078 4017 1179 4066 eiesete
1190 4015 1233 4064 iiie
1245 4023 1297 4065 ter·

208 4092 350 4142 ceutiorum
367 4091 521 4150 observetio,
534 4092 578 4159 qui
599 4092 732 4142 discessio·
773 4094 811 4143 tie
825 4091 973 4152 eititodiue,
984 4099 1045 4142 tono
1062 4105 1164 4157 quoqne
1182 4091 1298 4142 istitodi·

208 4179 265 4215 nem
276 4181 332 4217 eern
345 4165 427 4232 gredn
437 4181 496 4226 uuo,
507 4168 569 4218 enin.
577 4171 619 4218 ⁵1.
632 4165 670 4218 e‘'.
682 4168 731 4219 eir·
772 4183 830 4218 nem
842 4182 899 4218 esse
910 4167 1054 4217 mesimeri.
1086 4166 1192 4229 'i'ripiiei
1208 4167 1245 4216 iiii
1255 4181 1298 4217 eo·

207 4244 389 4296 consertione.
423 4245 541 4310 Kierion,
556 4245 606 4296 icc.
617 4245 662 4296 cit·
673 4259 731 4295 cum
772 4243 1030 4309 sequunturretione.
