<?xml version="1.0" encoding="UTF-8"?>
<!DOCTYPE html PUBLIC "-//W3C//DTD XHTML 1.0 Transitional//EN"
    "http://www.w3.org/TR/xhtml1/DTD/xhtml1-transitional.dtd">
<html xmlns="http://www.w3.org/1999/xhtml" xml:lang="en" lang="en">
 <head>
  <title>
</title>
<meta http-equiv="Content-Type" content="text/html;charset=utf-8" />
  <meta name='ocr-system' content='tesseract 3.04.00' />
  <meta name='ocr-capabilities' content='ocr_page ocr_carea ocr_par ocr_line ocrx_word'/>
</head>
<body>
  <div class='ocr_page' id='page_1' title='image "./cpliniisecundin09brotgoog_0132.png"; bbox 0 0 3006 4874; ppageno 0'>
   <div class='ocr_carea' id='block_1_1' title="bbox 424 349 1245 416">
    <p class='ocr_par' dir='ltr' id='par_1_1' title="bbox 424 349 1245 416">
     <span class='ocr_line' id='line_1_1' title="bbox 424 349 1245 416; baseline 0.004 -4"><span class='ocrx_word' id='word_1_1' title='bbox 424 364 557 415; x_wconf 83' lang='lat' dir='ltr'><strong>nscrro</strong></span> <span class='ocrx_word' id='word_1_2' title='bbox 581 365 620 412; x_wconf 89' lang='lat' dir='ltr'><strong>rr.</strong></span> <span class='ocrx_word' id='word_1_3' title='bbox 644 363 757 414; x_wconf 74' lang='lat' dir='ltr'><strong>aanor</strong></span> <span class='ocrx_word' id='word_1_4' title='bbox 783 363 965 415; x_wconf 78' lang='lat' dir='ltr'><strong>crunnrnr.</strong></span> <span class='ocrx_word' id='word_1_5' title='bbox 1178 349 1245 416; x_wconf 74' lang='lat'><strong>119</strong></span> 
     </span>
    </p>
   </div>
   <div class='ocr_carea' id='block_1_2' title="bbox 157 507 1245 596">
    <p class='ocr_par' dir='ltr' id='par_1_2' title="bbox 157 507 1245 596">
     <span class='ocr_line' id='line_1_2' title="bbox 157 507 1245 596; baseline 0 -20"><span class='ocrx_word' id='word_1_6' title='bbox 157 517 224 590; x_wconf 88' lang='lat' dir='ltr'><strong>tur,</strong></span> <span class='ocrx_word' id='word_1_7' title='bbox 246 515 278 575; x_wconf 88' lang='lat' dir='ltr'><strong>et</strong></span> <span class='ocrx_word' id='word_1_8' title='bbox 301 509 336 574; x_wconf 92' lang='lat' dir='ltr'><strong>in</strong></span> <span class='ocrx_word' id='word_1_9' title='bbox 357 527 428 574; x_wconf 90' lang='lat' dir='ltr'><strong>rem</strong></span> <span class='ocrx_word' id='word_1_10' title='bbox 447 509 596 572; x_wconf 87' lang='lat' dir='ltr'><strong>nostram</strong></span> <span class='ocrx_word' id='word_1_11' title='bbox 610 507 717 590; x_wconf 80' lang='lat' dir='ltr'><strong>magis</strong></span> <span class='ocrx_word' id='word_1_12' title='bbox 738 508 957 596; x_wconf 67' lang='lat' dir='ltr'>conferentia:</span> <span class='ocrx_word' id='word_1_13' title='bbox 980 507 1119 592; x_wconf 83' lang='lat' dir='ltr'><strong>‘Itaque</strong></span> <span class='ocrx_word' id='word_1_14' title='bbox 1135 513 1245 591; x_wconf 85' lang='lat' dir='ltr'><strong>enim,&#39;</strong></span> 
     </span>
    </p>
   </div>
   <div class='ocr_carea' id='block_1_3' title="bbox 156 609 1332 4237">
    <p class='ocr_par' dir='ltr' id='par_1_3' title="bbox 156 609 1332 4237">
     <span class='ocr_line' id='line_1_3' title="bbox 156 609 1247 700; baseline 0.001 -23"><span class='ocrx_word' id='word_1_15' title='bbox 156 611 266 695; x_wconf 91' lang='lat' dir='ltr'><strong>iuquit</strong></span> <span class='ocrx_word' id='word_1_16' title='bbox 275 609 416 688; x_wconf 77' lang='lat' dir='ltr'><strong>Auctor,</strong></span> <span class='ocrx_word' id='word_1_17' title='bbox 433 613 591 687; x_wconf 61' lang='lat' dir='ltr'><strong>‘venenu</strong></span> <span class='ocrx_word' id='word_1_18' title='bbox 604 611 634 673; x_wconf 88' lang='lat' dir='ltr'><strong>si</strong></span> <span class='ocrx_word' id='word_1_19' title='bbox 648 609 767 674; x_wconf 85' lang='lat' dir='ltr'><strong>haustu</strong></span> <span class='ocrx_word' id='word_1_20' title='bbox 782 611 860 686; x_wconf 91' lang='lat' dir='ltr'><strong>sint,</strong></span> <span class='ocrx_word' id='word_1_21' title='bbox 876 610 1000 674; x_wconf 76' lang='lat' dir='ltr'>crebris</span> <span class='ocrx_word' id='word_1_22' title='bbox 1014 612 1247 700; x_wconf 70' lang='lat' dir='ltr'><strong>nominationi-¹</strong></span> 
     </span>
     <span class='ocr_line' id='line_1_4' title="bbox 157 708 1244 794; baseline 0.001 -16"><span class='ocrx_word' id='word_1_23' title='bbox 157 708 443 786; x_wconf 58' lang='lat' dir='ltr'><strong>busfevucantur!</strong></span> <span class='ocrx_word' id='word_1_24' title='bbox 485 709 573 788; x_wconf 80' lang='lat' dir='ltr'><strong>Qum</strong></span> <span class='ocrx_word' id='word_1_25' title='bbox 599 729 658 773; x_wconf 91' lang='lat' dir='ltr'><strong>cur</strong></span> <span class='ocrx_word' id='word_1_26' title='bbox 679 711 723 773; x_wconf 86' lang='lat' dir='ltr'><strong>ab</strong></span> <span class='ocrx_word' id='word_1_27' title='bbox 738 716 873 775; x_wconf 88' lang='lat' dir='ltr'><strong>auctore</strong></span> <span class='ocrx_word' id='word_1_28' title='bbox 891 709 997 793; x_wconf 89' lang='lat' dir='ltr'><strong>primo</strong></span> <span class='ocrx_word' id='word_1_29' title='bbox 1011 711 1156 794; x_wconf 84' lang='lat' dir='ltr'><strong>repetita</strong></span> <span class='ocrx_word' id='word_1_30' title='bbox 1178 714 1244 781; x_wconf 90' lang='lat' dir='ltr'><strong>siut</strong></span> 
     </span>
     <span class='ocr_line' id='line_1_5' title="bbox 158 810 1245 888; baseline 0.002 -12"><span class='ocrx_word' id='word_1_31' title='bbox 158 813 304 888; x_wconf 88' lang='lat' dir='ltr'><strong>nescias,</strong></span> <span class='ocrx_word' id='word_1_32' title='bbox 318 829 394 876; x_wconf 90' lang='lat' dir='ltr'><strong>cnm</strong></span> <span class='ocrx_word' id='word_1_33' title='bbox 410 829 453 875; x_wconf 89' lang='lat' dir='ltr'><strong>ea</strong></span> <span class='ocrx_word' id='word_1_34' title='bbox 466 810 511 875; x_wconf 87' lang='lat' dir='ltr'><strong>ud</strong></span> <span class='ocrx_word' id='word_1_35' title='bbox 525 810 654 874; x_wconf 92' lang='lat' dir='ltr'><strong>initium</strong></span> <span class='ocrx_word' id='word_1_36' title='bbox 670 811 760 875; x_wconf 83' lang='lat' dir='ltr'><strong>sexti</strong></span> <span class='ocrx_word' id='word_1_37' title='bbox 784 811 943 888; x_wconf 90' lang='lat' dir='ltr'><strong>retulerit,</strong></span> <span class='ocrx_word' id='word_1_38' title='bbox 964 830 1022 876; x_wconf 93' lang='lat' dir='ltr'><strong>cur</strong></span> <span class='ocrx_word' id='word_1_39' title='bbox 1036 830 1116 876; x_wconf 82' lang='lat' dir='ltr'><strong>veru</strong></span> <span class='ocrx_word' id='word_1_40' title='bbox 1129 812 1245 878; x_wconf 86' lang='lat' dir='ltr'><strong>dicau-</strong></span> 
     </span>
     <span class='ocr_line' id='line_1_6' title="bbox 159 911 1245 995; baseline 0.001 -18"><span class='ocrx_word' id='word_1_41' title='bbox 159 919 212 977; x_wconf 90' lang='lat' dir='ltr'><strong>tur</strong></span> <span class='ocrx_word' id='word_1_42' title='bbox 224 932 246 978; x_wconf 91' lang='lat' dir='ltr'><strong>a</strong></span> <span class='ocrx_word' id='word_1_43' title='bbox 259 913 391 978; x_wconf 86' lang='lat' dir='ltr'><strong>diverso</strong></span> <span class='ocrx_word' id='word_1_44' title='bbox 406 912 563 994; x_wconf 77' lang='lat' dir='ltr'><strong>scriptore</strong></span> <span class='ocrx_word' id='word_1_45' title='bbox 577 912 610 975; x_wconf 88' lang='lat' dir='ltr'><strong>in</strong></span> <span class='ocrx_word' id='word_1_46' title='bbox 632 916 764 994; x_wconf 90' lang='lat' dir='ltr'><strong>promtu</strong></span> <span class='ocrx_word' id='word_1_47' title='bbox 778 911 866 977; x_wconf 85' lang='lat' dir='ltr'><strong>ratio</strong></span> <span class='ocrx_word' id='word_1_48' title='bbox 883 916 946 990; x_wconf 87' lang='lat' dir='ltr'><strong>est,</strong></span> <span class='ocrx_word' id='word_1_49' title='bbox 964 911 1056 995; x_wconf 89' lang='lat' dir='ltr'><strong>quud</strong></span> <span class='ocrx_word' id='word_1_50' title='bbox 1070 913 1111 977; x_wconf 89' lang='lat' dir='ltr'><strong>de</strong></span> <span class='ocrx_word' id='word_1_51' title='bbox 1126 925 1245 978; x_wconf 83' lang='lat' dir='ltr'><strong>curan·</strong></span> 
     </span>
     <span class='ocr_line' id='line_1_7' title="bbox 159 1010 1243 1097; baseline -0.004 -17"><span class='ocrx_word' id='word_1_52' title='bbox 159 1011 214 1082; x_wconf 88' lang='lat' dir='ltr'><strong>dis</strong></span> <span class='ocrx_word' id='word_1_53' title='bbox 232 1014 367 1078; x_wconf 76' lang='lat' dir='ltr'><strong>venenis</strong></span> <span class='ocrx_word' id='word_1_54' title='bbox 389 1016 589 1076; x_wconf 83' lang='lat' dir='ltr'><strong>tractaturus</strong></span> <span class='ocrx_word' id='word_1_55' title='bbox 614 1017 712 1088; x_wconf 84' lang='lat' dir='ltr'><strong>esset,</strong></span> <span class='ocrx_word' id='word_1_56' title='bbox 735 1010 776 1075; x_wconf 92' lang='lat' dir='ltr'><strong>de</strong></span> <span class='ocrx_word' id='word_1_57' title='bbox 801 1013 923 1095; x_wconf 87' lang='lat' dir='ltr'><strong>quibus</strong></span> <span class='ocrx_word' id='word_1_58' title='bbox 946 1012 1086 1080; x_wconf 89' lang='lat' dir='ltr'><strong>nondum</strong></span> <span class='ocrx_word' id='word_1_59' title='bbox 1109 1015 1243 1097; x_wconf 78' lang='lat' dir='ltr'><strong>egisset.</strong></span> 
     </span>
     <span class='ocr_line' id='line_1_8' title="bbox 159 1114 1245 1201; baseline 0.003 -21"><span class='ocrx_word' id='word_1_60' title='bbox 159 1116 304 1181; x_wconf 89' lang='lat' dir='ltr'><strong>Demum</strong></span> <span class='ocrx_word' id='word_1_61' title='bbox 317 1115 383 1179; x_wconf 86' lang='lat' dir='ltr'>sibi</span> <span class='ocrx_word' id='word_1_62' title='bbox 405 1115 547 1198; x_wconf 88' lang='lat' dir='ltr'><strong>quisquo</strong></span> <span class='ocrx_word' id='word_1_63' title='bbox 561 1119 728 1198; x_wconf 80' lang='lat' dir='ltr'><strong>proponat</strong></span> <span class='ocrx_word' id='word_1_64' title='bbox 749 1114 948 1197; x_wconf 88' lang='lat' dir='ltr'><strong>principium</strong></span> <span class='ocrx_word' id='word_1_65' title='bbox 963 1117 1053 1182; x_wconf 88' lang='lat' dir='ltr'><strong>sexti</strong></span> <span class='ocrx_word' id='word_1_66' title='bbox 1074 1116 1162 1195; x_wconf 83' lang='lat' dir='ltr'><strong>libri,</strong></span> <span class='ocrx_word' id='word_1_67' title='bbox 1177 1135 1245 1201; x_wconf 86' lang='lat' dir='ltr'><strong>qua</strong></span> 
     </span>
     <span class='ocr_line' id='line_1_9' title="bbox 159 1215 1245 1302; baseline 0.002 -22"><span class='ocrx_word' id='word_1_68' title='bbox 159 1225 267 1300; x_wconf 86' lang='lat' dir='ltr'><strong>parte,</strong></span> <span class='ocrx_word' id='word_1_69' title='bbox 282 1217 313 1280; x_wconf 88' lang='lat' dir='ltr'><strong>si</strong></span> <span class='ocrx_word' id='word_1_70' title='bbox 333 1217 409 1299; x_wconf 92' lang='lat' dir='ltr'><strong>quis</strong></span> <span class='ocrx_word' id='word_1_71' title='bbox 425 1217 546 1292; x_wconf 89' lang='lat' dir='ltr'><strong>sciens,</strong></span> <span class='ocrx_word' id='word_1_72' title='bbox 569 1215 786 1298; x_wconf 75' lang='lat' dir='ltr'><strong>antigamus,</strong></span> <span class='ocrx_word' id='word_1_73' title='bbox 802 1235 966 1282; x_wconf 86' lang='lat' dir='ltr'><strong>venenum</strong></span> <span class='ocrx_word' id='word_1_74' title='bbox 986 1217 1145 1294; x_wconf 83' lang='lat' dir='ltr'><strong>hauserit,</strong></span> <span class='ocrx_word' id='word_1_75' title='bbox 1161 1219 1245 1302; x_wconf 91' lang='lat' dir='ltr'><strong>quid</strong></span> 
     </span>
     <span class='ocr_line' id='line_1_10' title="bbox 160 1316 1244 1403; baseline 0.002 -21"><span class='ocrx_word' id='word_1_76' title='bbox 160 1316 231 1382; x_wconf 83' lang='lat' dir='ltr'><strong>fieri</strong></span> <span class='ocrx_word' id='word_1_77' title='bbox 245 1317 413 1401; x_wconf 87' lang='lat' dir='ltr'><strong>expediat,</strong></span> <span class='ocrx_word' id='word_1_78' title='bbox 430 1321 596 1394; x_wconf 88' lang='lat' dir='ltr'><strong>tractatur,</strong></span> <span class='ocrx_word' id='word_1_79' title='bbox 612 1324 646 1391; x_wconf 89' lang='lat' dir='ltr'><strong>et</strong></span> <span class='ocrx_word' id='word_1_80' title='bbox 667 1317 805 1381; x_wconf 88' lang='lat' dir='ltr'><strong>alterins</strong></span> <span class='ocrx_word' id='word_1_81' title='bbox 820 1319 937 1400; x_wconf 87' lang='lat' dir='ltr'><strong>partis,</strong></span> <span class='ocrx_word' id='word_1_82' title='bbox 952 1319 995 1382; x_wconf 91' lang='lat' dir='ltr'><strong>de</strong></span> <span class='ocrx_word' id='word_1_83' title='bbox 1009 1337 1077 1403; x_wconf 85' lang='lat' dir='ltr'><strong>qua</strong></span> <span class='ocrx_word' id='word_1_84' title='bbox 1097 1320 1244 1402; x_wconf 81' lang='lat' dir='ltr'><strong>quaestiu</strong></span> 
     </span>
     <span class='ocr_line' id='line_1_11' title="bbox 161 1413 1246 1504; baseline 0.003 -22"><span class='ocrx_word' id='word_1_85' title='bbox 161 1419 316 1484; x_wconf 89' lang='lat' dir='ltr'><strong>instituta</strong></span> <span class='ocrx_word' id='word_1_86' title='bbox 329 1424 390 1496; x_wconf 90' lang='lat' dir='ltr'><strong>est,</strong></span> <span class='ocrx_word' id='word_1_87' title='bbox 412 1418 544 1482; x_wconf 90' lang='lat' dir='ltr'><strong>initium</strong></span> <span class='ocrx_word' id='word_1_88' title='bbox 558 1417 797 1495; x_wconf 86' lang='lat' dir='ltr'><strong>conserendum,</strong></span> <span class='ocrx_word' id='word_1_89' title='bbox 813 1438 882 1502; x_wconf 92' lang='lat' dir='ltr'><strong>quo</strong></span> <span class='ocrx_word' id='word_1_90' title='bbox 897 1413 975 1484; x_wconf 83' lang='lat' dir='ltr'><strong>loc&#39;c</strong></span> <span class='ocrx_word' id='word_1_91' title='bbox 989 1419 1031 1485; x_wconf 88' lang='lat' dir='ltr'><strong>de</strong></span> <span class='ocrx_word' id='word_1_92' title='bbox 1047 1421 1174 1496; x_wconf 88' lang='lat' dir='ltr'><strong>eudem,</strong></span> <span class='ocrx_word' id='word_1_93' title='bbox 1186 1421 1246 1504; x_wconf 92' lang='lat' dir='ltr'><strong>qui</strong></span> 
     </span>
     <span class='ocr_line' id='line_1_12' title="bbox 160 1518 1316 1599; baseline 0.002 -15"><span class='ocrx_word' id='word_1_94' title='bbox 160 1520 289 1599; x_wconf 83' lang='lat' dir='ltr'><strong>rolens,</strong></span> <span class='ocrx_word' id='word_1_95' title='bbox 304 1527 362 1584; x_wconf 90' lang='lat' dir='ltr'><strong>aut</strong></span> <span class='ocrx_word' id='word_1_96' title='bbox 372 1520 502 1598; x_wconf 89' lang='lat' dir='ltr'><strong>nolens,</strong></span> <span class='ocrx_word' id='word_1_97' title='bbox 513 1537 674 1583; x_wconf 81' lang='lat' dir='ltr'><strong>venenum</strong></span> <span class='ocrx_word' id='word_1_98' title='bbox 686 1518 916 1599; x_wconf 82' lang='lat' dir='ltr'><strong>devoraverit3</strong></span> <span class='ocrx_word' id='word_1_99' title='bbox 937 1540 999 1585; x_wconf 90' lang='lat' dir='ltr'><strong>nec</strong></span> <span class='ocrx_word' id='word_1_100' title='bbox 1013 1521 1187 1599; x_wconf 84' lang='lat' dir='ltr'><strong>addubito,</strong></span> <span class='ocrx_word' id='word_1_101' title='bbox 1201 1539 1247 1586; x_wconf 81' lang='lat' dir='ltr'><strong>ex</strong></span> <span class='ocrx_word' id='word_1_102' title='bbox 1309 1579 1316 1586; x_wconf 94' lang='lat'>.</span> 
     </span>
     <span class='ocr_line' id='line_1_13' title="bbox 161 1619 1246 1706; baseline 0.002 -22"><span class='ocrx_word' id='word_1_103' title='bbox 161 1620 324 1684; x_wconf 86' lang='lat' dir='ltr'><strong>sermonis</strong></span> <span class='ocrx_word' id='word_1_104' title='bbox 347 1620 563 1684; x_wconf 89' lang='lat' dir='ltr'><strong>similitudine</strong></span> <span class='ocrx_word' id='word_1_105' title='bbox 584 1619 628 1683; x_wconf 89' lang='lat' dir='ltr'><strong>ab</strong></span> <span class='ocrx_word' id='word_1_106' title='bbox 645 1638 713 1683; x_wconf 90' lang='lat' dir='ltr'><strong>uno</strong></span> <span class='ocrx_word' id='word_1_107' title='bbox 735 1625 868 1686; x_wconf 85' lang='lat' dir='ltr'><strong>auctore</strong></span> <span class='ocrx_word' id='word_1_108' title='bbox 888 1622 972 1686; x_wconf 87' lang='lat' dir='ltr'><strong>locis</strong></span> <span class='ocrx_word' id='word_1_109' title='bbox 987 1639 1104 1706; x_wconf 89' lang='lat' dir='ltr'><strong>parum</strong></span> <span class='ocrx_word' id='word_1_110' title='bbox 1118 1622 1246 1686; x_wconf 88' lang='lat' dir='ltr'><strong>dissitis</strong></span> 
     </span>
     <span class='ocr_line' id='line_1_14' title="bbox 161 1720 1245 1804; baseline -0.002 -15"><span class='ocrx_word' id='word_1_111' title='bbox 161 1721 251 1789; x_wconf 90' lang='lat' dir='ltr'><strong>uullo</strong></span> <span class='ocrx_word' id='word_1_112' title='bbox 280 1728 379 1804; x_wconf 87' lang='lat' dir='ltr'><strong>pacto</strong></span> <span class='ocrx_word' id='word_1_113' title='bbox 407 1720 476 1784; x_wconf 88' lang='lat' dir='ltr'><strong>dici</strong></span> <span class='ocrx_word' id='word_1_114' title='bbox 499 1720 663 1803; x_wconf 89' lang='lat' dir='ltr'><strong>potuisse,</strong></span> <span class='ocrx_word' id='word_1_115' title='bbox 685 1739 705 1783; x_wconf 88' lang='lat' dir='ltr'><strong>a</strong></span> <span class='ocrx_word' id='word_1_116' title='bbox 728 1721 867 1788; x_wconf 85' lang='lat' dir='ltr'><strong>diversis</strong></span> <span class='ocrx_word' id='word_1_117' title='bbox 890 1723 1062 1804; x_wconf 88' lang='lat' dir='ltr'><strong>expectari</strong></span> <span class='ocrx_word' id='word_1_118' title='bbox 1077 1722 1245 1800; x_wconf 90' lang='lat' dir='ltr'><strong>debuisse,</strong></span> 
     </span>
     <span class='ocr_line' id='line_1_15' title="bbox 160 1821 1246 1909; baseline 0.002 -21"><span class='ocrx_word' id='word_1_119' title='bbox 160 1843 236 1888; x_wconf 90' lang='lat' dir='ltr'><strong>esse</strong></span> <span class='ocrx_word' id='word_1_120' title='bbox 250 1823 351 1887; x_wconf 82' lang='lat' dir='ltr'><strong>facite</strong></span> <span class='ocrx_word' id='word_1_121' title='bbox 361 1822 592 1907; x_wconf 88' lang='lat' dir='ltr'><strong>judicaturum.</strong></span> <span class='ocrx_word' id='word_1_122' title='bbox 636 1821 691 1887; x_wconf 90' lang='lat' dir='ltr'><strong>Sit</strong></span> <span class='ocrx_word' id='word_1_123' title='bbox 704 1824 804 1904; x_wconf 75' lang='lat' dir='ltr'><strong>igitur</strong></span> <span class='ocrx_word' id='word_1_124' title='bbox 816 1822 891 1888; x_wconf 77' lang='lat' dir='ltr'><strong>hre&#39;c</strong></span> <span class='ocrx_word' id='word_1_125' title='bbox 902 1843 1034 1888; x_wconf 87' lang='lat' dir='ltr'><strong>summa</strong></span> <span class='ocrx_word' id='word_1_126' title='bbox 1045 1824 1246 1909; x_wconf 86' lang='lat' dir='ltr'><strong>disputatiu-</strong></span> 
     </span>
     <span class='ocr_line' id='line_1_16' title="bbox 160 1924 1332 2008; baseline 0.002 -20"><span class='ocrx_word' id='word_1_127' title='bbox 160 1925 212 1988; x_wconf 91' lang='lat' dir='ltr'><strong>nis</strong></span> <span class='ocrx_word' id='word_1_128' title='bbox 225 1930 358 2002; x_wconf 76' lang='lat' dir='ltr'><strong>nostrae,</strong></span> <span class='ocrx_word' id='word_1_129' title='bbox 379 1925 527 1989; x_wconf 86' lang='lat' dir='ltr'><strong>diversos</strong></span> <span class='ocrx_word' id='word_1_130' title='bbox 551 1927 707 1988; x_wconf 86' lang='lat' dir='ltr'><strong>auctores</strong></span> <span class='ocrx_word' id='word_1_131' title='bbox 730 1924 794 1990; x_wconf 88' lang='lat' dir='ltr'><strong>hos</strong></span> <span class='ocrx_word' id='word_1_132' title='bbox 815 1943 901 2002; x_wconf 88' lang='lat' dir='ltr'><strong>esse,</strong></span> <span class='ocrx_word' id='word_1_133' title='bbox 922 1924 1067 2002; x_wconf 90' lang='lat' dir='ltr'><strong>nomine,</strong></span> <span class='ocrx_word' id='word_1_134' title='bbox 1082 1926 1247 2008; x_wconf 65' lang='lat' dir='ltr'><strong>patriast</strong></span> <span class='ocrx_word' id='word_1_135' title='bbox 1331 1992 1332 1997; x_wconf 64' lang='grc'>,</span> 
     </span>
     <span class='ocr_line' id='line_1_17' title="bbox 160 2023 1246 2108; baseline 0.003 -20"><span class='ocrx_word' id='word_1_136' title='bbox 160 2024 367 2108; x_wconf 77' lang='lat' dir='ltr'><strong>professione</strong></span> <span class='ocrx_word' id='word_1_137' title='bbox 387 2024 632 2100; x_wconf 84' lang='lat' dir='ltr'><strong>convenientes,</strong></span> <span class='ocrx_word' id='word_1_138' title='bbox 663 2031 702 2088; x_wconf 87' lang='lat' dir='ltr'><strong>ur</strong></span> <span class='ocrx_word' id='word_1_139' title='bbox 728 2025 819 2107; x_wconf 89' lang='lat' dir='ltr'><strong>quod</strong></span> <span class='ocrx_word' id='word_1_140' title='bbox 848 2025 892 2089; x_wconf 86' lang='lat' dir='ltr'><strong>ed</strong></span> <span class='ocrx_word' id='word_1_141' title='bbox 917 2023 982 2089; x_wconf 77' lang='lat' dir='ltr'><strong>h&#39;oc</strong></span> <span class='ocrx_word' id='word_1_142' title='bbox 1003 2025 1122 2091; x_wconf 86' lang='lat' dir='ltr'><strong>attinet</strong></span> <span class='ocrx_word' id='word_1_143' title='bbox 1134 2027 1246 2105; x_wconf 85' lang='lat' dir='ltr'><strong>etiarn,</strong></span> 
     </span>
     <span class='ocr_line' id='line_1_18' title="bbox 160 2125 1247 2209; baseline 0.001 -20"><span class='ocrx_word' id='word_1_144' title='bbox 160 2133 228 2190; x_wconf 84' lang='lat' dir='ltr'><strong>tres</strong></span> <span class='ocrx_word' id='word_1_145' title='bbox 237 2126 379 2190; x_wconf 84' lang='lat' dir='ltr'><strong>diversis</strong></span> <span class='ocrx_word' id='word_1_146' title='bbox 390 2126 592 2209; x_wconf 85' lang='lat' dir='ltr'><strong>temporibus</strong></span> <span class='ocrx_word' id='word_1_147' title='bbox 600 2125 769 2202; x_wconf 86' lang='lat' dir='ltr'><strong>flumisse,</strong></span> <span class='ocrx_word' id='word_1_148' title='bbox 784 2145 926 2209; x_wconf 88' lang='lat' dir='ltr'><strong>quorum</strong></span> <span class='ocrx_word' id='word_1_149' title='bbox 936 2143 1021 2188; x_wconf 91' lang='lat' dir='ltr'><strong>unus</strong></span> <span class='ocrx_word' id='word_1_150' title='bbox 1033 2127 1132 2191; x_wconf 81' lang='lat' dir='ltr'><strong>suerit</strong></span> <span class='ocrx_word' id='word_1_151' title='bbox 1144 2125 1247 2190; x_wconf 86' lang='lat' dir='ltr'><strong>Dios-</strong></span> 
     </span>
     <span class='ocr_line' id='line_1_19' title="bbox 161 2224 1247 2310; baseline 0 -20"><span class='ocrx_word' id='word_1_152' title='bbox 161 2225 294 2292; x_wconf 86' lang='lat' dir='ltr'><strong>corides</strong></span> <span class='ocrx_word' id='word_1_153' title='bbox 308 2226 433 2306; x_wconf 75' lang='lat' dir='ltr'><strong>Suidae,</strong></span> <span class='ocrx_word' id='word_1_154' title='bbox 455 2227 499 2292; x_wconf 88' lang='lat' dir='ltr'><strong>ab</strong></span> <span class='ocrx_word' id='word_1_155' title='bbox 514 2228 664 2310; x_wconf 88' lang='lat' dir='ltr'><strong>utrisque</strong></span> <span class='ocrx_word' id='word_1_156' title='bbox 679 2227 942 2291; x_wconf 86' lang='lat' dir='ltr'><strong>commemoratis</strong></span> <span class='ocrx_word' id='word_1_157' title='bbox 957 2225 1118 2291; x_wconf 81' lang='lat' dir='ltr'><strong>diversus.</strong></span> <span class='ocrx_word' id='word_1_158' title='bbox 1163 2224 1247 2304; x_wconf 85' lang='lat' dir='ltr'><strong>Qui·</strong></span> 
     </span>
     <span class='ocr_line' id='line_1_20' title="bbox 161 2323 1247 2412; baseline 0.003 -22"><span class='ocrx_word' id='word_1_159' title='bbox 161 2328 225 2392; x_wconf 88' lang='lat' dir='ltr'><strong>bus</strong></span> <span class='ocrx_word' id='word_1_160' title='bbox 247 2327 314 2392; x_wconf 91' lang='lat' dir='ltr'><strong>hoc</strong></span> <span class='ocrx_word' id='word_1_161' title='bbox 331 2329 576 2412; x_wconf 81' lang='lat' dir='ltr'><strong>consequimur,</strong></span> <span class='ocrx_word' id='word_1_162' title='bbox 600 2333 638 2391; x_wconf 92' lang='lat' dir='ltr'><strong>ut</strong></span> <span class='ocrx_word' id='word_1_163' title='bbox 665 2327 897 2392; x_wconf 84' lang='lat' dir='ltr'><strong>Dioscuridem</strong></span> <span class='ocrx_word' id='word_1_164' title='bbox 921 2326 1076 2390; x_wconf 79' lang='lat' dir='ltr'><strong>Materies</strong></span> <span class='ocrx_word' id='word_1_165' title='bbox 1101 2323 1247 2392; x_wconf 77' lang='lat' dir='ltr'><strong>Medicus</strong></span> 
     </span>
     <span class='ocr_line' id='line_1_21' title="bbox 161 2427 1248 2514; baseline -0.003 -21"><span class='ocrx_word' id='word_1_166' title='bbox 161 2430 358 2514; x_wconf 85' lang='lat' dir='ltr'><strong>scriptorem</strong></span> <span class='ocrx_word' id='word_1_167' title='bbox 375 2431 419 2495; x_wconf 88' lang='lat' dir='ltr'><strong>ab</strong></span> <span class='ocrx_word' id='word_1_168' title='bbox 440 2431 542 2495; x_wconf 86' lang='lat' dir='ltr'><strong>altero</strong></span> <span class='ocrx_word' id='word_1_169' title='bbox 566 2429 681 2493; x_wconf 84' lang='lat' dir='ltr'><strong>Suidae</strong></span> <span class='ocrx_word' id='word_1_170' title='bbox 705 2429 874 2493; x_wconf 86' lang='lat' dir='ltr'><strong>diversum</strong></span> <span class='ocrx_word' id='word_1_171' title='bbox 897 2447 973 2493; x_wconf 89' lang='lat' dir='ltr'><strong>esse</strong></span> <span class='ocrx_word' id='word_1_172' title='bbox 994 2427 1156 2512; x_wconf 86' lang='lat' dir='ltr'><strong>potuisse,</strong></span> <span class='ocrx_word' id='word_1_173' title='bbox 1179 2445 1248 2490; x_wconf 89' lang='lat' dir='ltr'><strong>nou</strong></span> 
     </span>
     <span class='ocr_line' id='line_1_22' title="bbox 160 2530 1248 2615; baseline -0.001 -22"><span class='ocrx_word' id='word_1_174' title='bbox 160 2530 273 2608; x_wconf 76' lang='lat' dir='ltr'><strong>edam,</strong></span> <span class='ocrx_word' id='word_1_175' title='bbox 289 2531 378 2615; x_wconf 89' lang='lat' dir='ltr'><strong>quod</strong></span> <span class='ocrx_word' id='word_1_176' title='bbox 402 2532 544 2595; x_wconf 85' lang='lat' dir='ltr'><strong>maxime</strong></span> <span class='ocrx_word' id='word_1_177' title='bbox 569 2535 674 2595; x_wconf 81' lang='lat' dir='ltr'><strong>ceusu</strong></span> <span class='ocrx_word' id='word_1_178' title='bbox 695 2535 810 2596; x_wconf 85' lang='lat' dir='ltr'><strong>uestra</strong></span> <span class='ocrx_word' id='word_1_179' title='bbox 827 2530 988 2614; x_wconf 87' lang='lat' dir='ltr'><strong>postulat,</strong></span> <span class='ocrx_word' id='word_1_180' title='bbox 1010 2530 1112 2594; x_wconf 86' lang='lat' dir='ltr'><strong>ulium</strong></span> <span class='ocrx_word' id='word_1_181' title='bbox 1136 2530 1181 2593; x_wconf 90' lang='lat' dir='ltr'><strong>ab</strong></span> <span class='ocrx_word' id='word_1_182' title='bbox 1205 2541 1248 2593; x_wconf 87' lang='lat' dir='ltr'><strong>en</strong></span> 
     </span>
     <span class='ocr_line' id='line_1_23' title="bbox 161 2629 1248 2715; baseline -0.001 -22"><span class='ocrx_word' id='word_1_183' title='bbox 161 2630 629 2712; x_wconf 82' lang='lat' dir='ltr'><strong>huncfuissecunvincimus3</strong></span> <span class='ocrx_word' id='word_1_184' title='bbox 652 2629 1248 2715; x_wconf 81' lang='lat' dir='ltr'><strong>quod&#39;uggrediurnuncevidentibus</strong></span> 
     </span>
     <span class='ocr_line' id='line_1_24' title="bbox 162 2732 1248 2818; baseline 0.001 -21"><span class='ocrx_word' id='word_1_185' title='bbox 162 2734 459 2818; x_wconf 75' lang='lat' dir='ltr'><strong>satis&#39;argumentis</strong></span> <span class='ocrx_word' id='word_1_186' title='bbox 474 2732 712 2798; x_wconf 87' lang='lat' dir='ltr'><strong>demonstrare.</strong></span> <span class='ocrx_word' id='word_1_187' title='bbox 756 2733 932 2798; x_wconf 78' lang='lat' dir='ltr'><strong>Craterum</strong></span> <span class='ocrx_word' id='word_1_188' title='bbox 948 2732 1165 2798; x_wconf 82' lang='lat' dir='ltr'><strong>Dioscorides</strong></span> <span class='ocrx_word' id='word_1_189' title='bbox 1180 2739 1248 2798; x_wconf 87' lang='lat' dir='ltr'><strong>sta-</strong></span> 
     </span>
     <span class='ocr_line' id='line_1_25' title="bbox 162 2833 1249 2918; baseline -0.002 -18"><span class='ocrx_word' id='word_1_190' title='bbox 162 2837 222 2900; x_wconf 90' lang='lat' dir='ltr'><strong>tim</strong></span> <span class='ocrx_word' id='word_1_191' title='bbox 244 2836 278 2899; x_wconf 88' lang='lat' dir='ltr'><strong>in</strong></span> <span class='ocrx_word' id='word_1_192' title='bbox 302 2835 414 2918; x_wconf 86' lang='lat' dir='ltr'><strong>operis</strong></span> <span class='ocrx_word' id='word_1_193' title='bbox 439 2835 536 2899; x_wconf 90' lang='lat' dir='ltr'><strong>initio</strong></span> <span class='ocrx_word' id='word_1_194' title='bbox 550 2835 637 2897; x_wconf 91' lang='lat' dir='ltr'><strong>inter</strong></span> <span class='ocrx_word' id='word_1_195' title='bbox 658 2837 786 2897; x_wconf 83' lang='lat' dir='ltr'><strong>veteres</strong></span> <span class='ocrx_word' id='word_1_196' title='bbox 801 2833 948 2898; x_wconf 76' lang='lat' dir='ltr'><strong>Medicas</strong></span> <span class='ocrx_word' id='word_1_197' title='bbox 969 2833 1123 2898; x_wconf 75' lang='lat' dir='ltr'><strong>Materia</strong></span> <span class='ocrx_word' id='word_1_198' title='bbox 1144 2837 1249 2918; x_wconf 91' lang='lat' dir='ltr'><strong>scrip-</strong></span> 
     </span>
     <span class='ocr_line' id='line_1_26' title="bbox 161 2929 1249 3019; baseline -0.003 -17"><span class='ocrx_word' id='word_1_199' title='bbox 161 2944 248 3002; x_wconf 83' lang='lat' dir='ltr'><strong>tores</strong></span> <span class='ocrx_word' id='word_1_200' title='bbox 262 2937 373 3013; x_wconf 83' lang='lat' dir='ltr'><strong>refert,</strong></span> <span class='ocrx_word' id='word_1_201' title='bbox 396 2935 491 3000; x_wconf 77' lang='lat' dir='ltr'><strong>uude&#39;</strong></span> <span class='ocrx_word' id='word_1_202' title='bbox 506 2937 675 3019; x_wconf 88' lang='lat' dir='ltr'><strong>promtum</strong></span> <span class='ocrx_word' id='word_1_203' title='bbox 690 2944 745 3000; x_wconf 88' lang='lat' dir='ltr'><strong>est</strong></span> <span class='ocrx_word' id='word_1_204' title='bbox 769 2931 936 3019; x_wconf 81' lang='lat' dir='ltr'><strong>conjicere</strong></span> <span class='ocrx_word' id='word_1_205' title='bbox 951 2953 972 2999; x_wconf 90' lang='lat' dir='ltr'><strong>a</strong></span> <span class='ocrx_word' id='word_1_206' title='bbox 987 2929 1132 2999; x_wconf 73' lang='lat' dir='ltr'><strong>Cratera</strong></span> <span class='ocrx_word' id='word_1_207' title='bbox 1146 2937 1249 3000; x_wconf 85' lang='lat' dir='ltr'><strong>ascri·</strong></span> 
     </span>
     <span class='ocr_line' id='line_1_27' title="bbox 160 3035 1248 3117; baseline 0 -13"><span class='ocrx_word' id='word_1_208' title='bbox 160 3041 294 3104; x_wconf 87' lang='lat' dir='ltr'><strong>bentem</strong></span> <span class='ocrx_word' id='word_1_209' title='bbox 318 3037 553 3104; x_wconf 86' lang='lat' dir='ltr'><strong>Dioscoridem</strong></span> <span class='ocrx_word' id='word_1_210' title='bbox 574 3057 678 3104; x_wconf 86' lang='lat' dir='ltr'><strong>annos</strong></span> <span class='ocrx_word' id='word_1_211' title='bbox 693 3038 749 3103; x_wconf 85' lang='lat' dir='ltr'><strong>vel</strong></span> <span class='ocrx_word' id='word_1_212' title='bbox 773 3035 916 3117; x_wconf 87' lang='lat' dir='ltr'><strong>centurn,</strong></span> <span class='ocrx_word' id='word_1_213' title='bbox 932 3045 992 3104; x_wconf 92' lang='lat' dir='ltr'><strong>aut</strong></span> <span class='ocrx_word' id='word_1_214' title='bbox 1014 3038 1119 3103; x_wconf 86' lang='lat' dir='ltr'><strong>etiam</strong></span> <span class='ocrx_word' id='word_1_215' title='bbox 1144 3037 1248 3104; x_wconf 92' lang='lat' dir='ltr'><strong>multu</strong></span> 
     </span>
     <span class='ocr_line' id='line_1_28' title="bbox 161 3131 1250 3225; baseline 0.001 -22"><span class='ocrx_word' id='word_1_216' title='bbox 161 3138 287 3224; x_wconf 89' lang='lat' dir='ltr'><strong>plnres,</strong></span> <span class='ocrx_word' id='word_1_217' title='bbox 298 3138 536 3216; x_wconf 78' lang='lat' dir='ltr'><strong>intercessisse,</strong></span> <span class='ocrx_word' id='word_1_218' title='bbox 549 3141 607 3223; x_wconf 88' lang='lat' dir='ltr'><strong>qui</strong></span> <span class='ocrx_word' id='word_1_219' title='bbox 621 3141 650 3206; x_wconf 90' lang='lat' dir='ltr'><strong>si</strong></span> <span class='ocrx_word' id='word_1_220' title='bbox 664 3160 686 3204; x_wconf 84' lang='lat' dir='ltr'><strong>u</strong></span> <span class='ocrx_word' id='word_1_221' title='bbox 696 3141 859 3225; x_wconf 85' lang='lat' dir='ltr'><strong>Pompeio</strong></span> <span class='ocrx_word' id='word_1_222' title='bbox 873 3140 1011 3222; x_wconf 79' lang='lat' dir='ltr'><strong>Magno,</strong></span> <span class='ocrx_word' id='word_1_223' title='bbox 1026 3131 1095 3224; x_wconf 87' lang='lat' dir='ltr'><strong>quo</strong></span> <span class='ocrx_word' id='word_1_224' title='bbox 1108 3140 1250 3204; x_wconf 84' lang='lat' dir='ltr'><strong>florente</strong></span> 
     </span>
     <span class='ocr_line' id='line_1_29' title="bbox 163 3235 1250 3327; baseline -0.001 -21"><span class='ocrx_word' id='word_1_225' title='bbox 163 3239 329 3306; x_wconf 81' lang='lat' dir='ltr'><strong>Craterus</strong></span> <span class='ocrx_word' id='word_1_226' title='bbox 343 3242 488 3324; x_wconf 87' lang='lat' dir='ltr'><strong>scripsit,</strong></span> <span class='ocrx_word' id='word_1_227' title='bbox 509 3248 733 3321; x_wconf 87' lang='lat' dir='ltr'><strong>numerentur,</strong></span> <span class='ocrx_word' id='word_1_228' title='bbox 748 3242 892 3308; x_wconf 87' lang='lat' dir='ltr'><strong>Neronis</strong></span> <span class='ocrx_word' id='word_1_229' title='bbox 906 3235 1129 3327; x_wconf 90' lang='lat' dir='ltr'><strong>principatum</strong></span> <span class='ocrx_word' id='word_1_230' title='bbox 1149 3241 1250 3305; x_wconf 85' lang='lat' dir='ltr'><strong>attin-</strong></span> 
     </span>
     <span class='ocr_line' id='line_1_30' title="bbox 162 3337 1249 3428; baseline 0.003 -23"><span class='ocrx_word' id='word_1_231' title='bbox 162 3348 257 3423; x_wconf 80' lang='lat' dir='ltr'><strong>gunt,</strong></span> <span class='ocrx_word' id='word_1_232' title='bbox 272 3361 347 3406; x_wconf 89' lang='lat' dir='ltr'><strong>cnm</strong></span> <span class='ocrx_word' id='word_1_233' title='bbox 363 3341 579 3406; x_wconf 84' lang='lat' dir='ltr'><strong>Dioscorides</strong></span> <span class='ocrx_word' id='word_1_234' title='bbox 595 3361 691 3408; x_wconf 90' lang='lat' dir='ltr'><strong>sunm</strong></span> <span class='ocrx_word' id='word_1_235' title='bbox 710 3363 797 3428; x_wconf 89' lang='lat' dir='ltr'><strong>opus</strong></span> <span class='ocrx_word' id='word_1_236' title='bbox 810 3337 1151 3426; x_wconf 83' lang='lat' dir='ltr'><strong>Arreuuuncupavit:</strong></span> <span class='ocrx_word' id='word_1_237' title='bbox 1173 3361 1249 3420; x_wconf 85' lang='lat' dir='ltr'><strong>nec,</strong></span> 
     </span>
     <span class='ocr_line' id='line_1_31' title="bbox 161 3441 1250 3529; baseline 0 -21"><span class='ocrx_word' id='word_1_238' title='bbox 161 3463 214 3508; x_wconf 87' lang='lat' dir='ltr'><strong>me</strong></span> <span class='ocrx_word' id='word_1_239' title='bbox 229 3442 297 3527; x_wconf 89' lang='lat' dir='ltr'><strong>&#39;qui</strong></span> <span class='ocrx_word' id='word_1_240' title='bbox 323 3441 480 3509; x_wconf 79' lang='lat' dir='ltr'><strong>salsitatis</strong></span> <span class='ocrx_word' id='word_1_241' title='bbox 503 3449 631 3525; x_wconf 81' lang='lat' dir='ltr'><strong>urgunt,</strong></span> <span class='ocrx_word' id='word_1_242' title='bbox 651 3441 800 3510; x_wconf 80' lang='lat' dir='ltr'><strong>sutorum</strong></span> <span class='ocrx_word' id='word_1_243' title='bbox 824 3463 900 3510; x_wconf 90' lang='lat' dir='ltr'><strong>esse</strong></span> <span class='ocrx_word' id='word_1_244' title='bbox 928 3464 1128 3529; x_wconf 88' lang='lat' dir='ltr'><strong>quenquam,</strong></span> <span class='ocrx_word' id='word_1_245' title='bbox 1149 3445 1250 3511; x_wconf 90' lang='lat' dir='ltr'><strong>modo</strong></span> 
     </span>
     <span class='ocr_line' id='line_1_32' title="bbox 163 3542 1251 3630; baseline 0 -20"><span class='ocrx_word' id='word_1_246' title='bbox 163 3542 289 3627; x_wconf 84' lang='lat' dir='ltr'><strong>aliquid</strong></span> <span class='ocrx_word' id='word_1_247' title='bbox 306 3544 429 3627; x_wconf 86' lang='lat' dir='ltr'><strong>sapiat,</strong></span> <span class='ocrx_word' id='word_1_248' title='bbox 445 3544 625 3610; x_wconf 83' lang='lat' dir='ltr'><strong>existimo:</strong></span> <span class='ocrx_word' id='word_1_249' title='bbox 647 3546 728 3629; x_wconf 84' lang='lat' dir='ltr'><strong>quie</strong></span> <span class='ocrx_word' id='word_1_250' title='bbox 742 3565 783 3611; x_wconf 89' lang='lat' dir='ltr'><strong>eo</strong></span> <span class='ocrx_word' id='word_1_251' title='bbox 800 3548 877 3630; x_wconf 89' lang='lat' dir='ltr'><strong>ipso</strong></span> <span class='ocrx_word' id='word_1_252' title='bbox 893 3552 1054 3628; x_wconf 88' lang='lat' dir='ltr'><strong>tempore,</strong></span> <span class='ocrx_word' id='word_1_253' title='bbox 1076 3565 1145 3630; x_wconf 91' lang='lat' dir='ltr'><strong>quo</strong></span> <span class='ocrx_word' id='word_1_254' title='bbox 1159 3566 1251 3630; x_wconf 78' lang='lat' dir='ltr'><strong>mag-</strong></span> 
     </span>
     <span class='ocr_line' id='line_1_33' title="bbox 162 3644 1252 3734; baseline 0.005 -26"><span class='ocrx_word' id='word_1_255' title='bbox 162 3665 224 3710; x_wconf 87' lang='lat' dir='ltr'><strong>uus</strong></span> <span class='ocrx_word' id='word_1_256' title='bbox 247 3644 428 3728; x_wconf 87' lang='lat' dir='ltr'><strong>Pompeius</strong></span> <span class='ocrx_word' id='word_1_257' title='bbox 454 3647 625 3727; x_wconf 86' lang='lat' dir='ltr'><strong>excelluit,</strong></span> <span class='ocrx_word' id='word_1_258' title='bbox 649 3648 824 3714; x_wconf 80' lang='lat' dir='ltr'><strong>Craterum</strong></span> <span class='ocrx_word' id='word_1_259' title='bbox 851 3650 979 3714; x_wconf 80' lang='lat' dir='ltr'><strong>vixisse</strong></span> <span class='ocrx_word' id='word_1_260' title='bbox 1008 3668 1050 3713; x_wconf 89' lang='lat' dir='ltr'><strong>ac</strong></span> <span class='ocrx_word' id='word_1_261' title='bbox 1076 3649 1252 3734; x_wconf 88' lang='lat' dir='ltr'><strong>scripsisse</strong></span> 
     </span>
     <span class='ocr_line' id='line_1_34' title="bbox 163 3737 1251 3834; baseline 0.001 -24"><span class='ocrx_word' id='word_1_262' title='bbox 163 3746 315 3823; x_wconf 81' lang='lat' dir='ltr'><strong>dixerim,</strong></span> <span class='ocrx_word' id='word_1_263' title='bbox 354 3745 573 3830; x_wconf 81' lang='lat' dir='ltr'><strong>Hippocratis</strong></span> <span class='ocrx_word' id='word_1_264' title='bbox 610 3750 805 3816; x_wconf 83' lang='lat' dir='ltr'><strong>anctoritate</strong></span> <span class='ocrx_word' id='word_1_265' title='bbox 834 3750 1046 3827; x_wconf 82' lang='lat' dir='ltr'><strong>adversante,</strong></span> <span class='ocrx_word' id='word_1_266' title='bbox 1082 3737 1185 3834; x_wconf 87' lang='lat' dir='ltr'><strong>cujus</strong></span> <span class='ocrx_word' id='word_1_267' title='bbox 1209 3748 1251 3812; x_wconf 91' lang='lat' dir='ltr'><strong>ad</strong></span> 
     </span>
     <span class='ocr_line' id='line_1_35' title="bbox 163 3846 1251 3932; baseline -0.001 -19"><span class='ocrx_word' id='word_1_268' title='bbox 163 3846 342 3913; x_wconf 79' lang='lat' dir='ltr'><strong>Craterum</strong></span> <span class='ocrx_word' id='word_1_269' title='bbox 369 3853 463 3912; x_wconf 84' lang='lat' dir='ltr'><strong>extat</strong></span> <span class='ocrx_word' id='word_1_270' title='bbox 486 3848 649 3931; x_wconf 87' lang='lat' dir='ltr'><strong>Epistola.</strong></span> <span class='ocrx_word' id='word_1_271' title='bbox 696 3851 798 3927; x_wconf 85' lang='lat' dir='ltr'><strong>Num,</strong></span> <span class='ocrx_word' id='word_1_272' title='bbox 822 3857 861 3914; x_wconf 95' lang='lat' dir='ltr'><strong>ut</strong></span> <span class='ocrx_word' id='word_1_273' title='bbox 891 3855 1018 3915; x_wconf 85' lang='lat' dir='ltr'><strong>ceteras</strong></span> <span class='ocrx_word' id='word_1_274' title='bbox 1043 3849 1251 3932; x_wconf 87' lang='lat' dir='ltr'><strong>conjectures</strong></span> 
     </span>
     <span class='ocr_line' id='line_1_36' title="bbox 163 3949 1250 4033; baseline 0.001 -19"><span class='ocrx_word' id='word_1_275' title='bbox 163 3953 371 4032; x_wconf 77' lang='lat' dir='ltr'><strong>praeteream,</strong></span> <span class='ocrx_word' id='word_1_276' title='bbox 395 3950 517 4032; x_wconf 91' lang='lat' dir='ltr'><strong>quibus</strong></span> <span class='ocrx_word' id='word_1_277' title='bbox 539 3968 607 4015; x_wconf 90' lang='lat' dir='ltr'><strong>nun</strong></span> <span class='ocrx_word' id='word_1_278' title='bbox 627 3951 701 4016; x_wconf 83' lang='lat' dir='ltr'><strong>haec</strong></span> <span class='ocrx_word' id='word_1_279' title='bbox 728 3950 829 4016; x_wconf 86' lang='lat' dir='ltr'><strong>modu</strong></span> <span class='ocrx_word' id='word_1_280' title='bbox 843 3949 1011 4033; x_wconf 88' lang='lat' dir='ltr'><strong>Epistula,</strong></span> <span class='ocrx_word' id='word_1_281' title='bbox 1034 3951 1092 4014; x_wconf 89' lang='lat' dir='ltr'><strong>sed</strong></span> <span class='ocrx_word' id='word_1_282' title='bbox 1112 3949 1250 4032; x_wconf 82' lang='lat' dir='ltr'><strong>reliquos</strong></span> 
     </span>
     <span class='ocr_line' id='line_1_37' title="bbox 164 4049 1249 4136; baseline -0.002 -20"><span class='ocrx_word' id='word_1_283' title='bbox 164 4069 297 4135; x_wconf 88' lang='lat' dir='ltr'><strong>quoque</strong></span> <span class='ocrx_word' id='word_1_284' title='bbox 312 4049 398 4115; x_wconf 88' lang='lat' dir='ltr'><strong>salso</strong></span> <span class='ocrx_word' id='word_1_285' title='bbox 421 4050 632 4135; x_wconf 88' lang='lat' dir='ltr'><strong>Hippocrati.</strong></span> <span class='ocrx_word' id='word_1_286' title='bbox 648 4051 806 4136; x_wconf 78' lang='lat' dir='ltr'><strong>ascriptae</strong></span> <span class='ocrx_word' id='word_1_287' title='bbox 820 4057 1071 4136; x_wconf 84' lang='lat' dir='ltr'><strong>cognoscuntur,</strong></span> <span class='ocrx_word' id='word_1_288' title='bbox 1086 4049 1183 4133; x_wconf 88' lang='lat' dir='ltr'><strong>hujus</strong></span> <span class='ocrx_word' id='word_1_289' title='bbox 1198 4051 1249 4133; x_wconf 91' lang='lat' dir='ltr'><strong>ip-</strong></span> 
     </span>
     <span class='ocr_line' id='line_1_38' title="bbox 163 4151 1250 4237; baseline -0.001 -19"><span class='ocrx_word' id='word_1_290' title='bbox 163 4151 414 4235; x_wconf 84' lang='lat' dir='ltr'><strong>sios-Epistulae</strong></span> <span class='ocrx_word' id='word_1_291' title='bbox 427 4161 618 4236; x_wconf 79' lang='lat' dir='ltr'><strong>argumento</strong></span> <span class='ocrx_word' id='word_1_292' title='bbox 636 4154 699 4220; x_wconf 91' lang='lat' dir='ltr'><strong>hcc</strong></span> <span class='ocrx_word' id='word_1_293' title='bbox 714 4155 860 4220; x_wconf 77' lang='lat' dir='ltr'><strong>manime</strong></span> <span class='ocrx_word' id='word_1_294' title='bbox 875 4157 1023 4237; x_wconf 85' lang='lat' dir='ltr'><strong>apparet,</strong></span> <span class='ocrx_word' id='word_1_295' title='bbox 1038 4153 1073 4216; x_wconf 92' lang='lat' dir='ltr'><strong>in</strong></span> <span class='ocrx_word' id='word_1_296' title='bbox 1090 4171 1157 4235; x_wconf 84' lang='lat' dir='ltr'><strong>qne</strong></span> <span class='ocrx_word' id='word_1_297' title='bbox 1171 4151 1250 4218; x_wconf 88' lang='lat' dir='ltr'><strong>Cra-</strong></span> 
     </span>
    </p>
   </div>
   <div class='ocr_carea' id='block_1_4' title="bbox 0 0 1517 4874">
    <p class='ocr_par' dir='ltr' id='par_1_4' title="bbox 0 0 1517 4874">
     <span class='ocr_line' id='line_1_39' title="bbox 0 0 1517 4874; baseline 0 0"><span class='ocrx_word' id='word_1_298' title='bbox 0 0 1517 4874; x_wconf 95' lang='lat' dir='ltr'><strong> </strong></span> 
     </span>
    </p>
   </div>
  </div>
 </body>
</html>
