3006 4874
249 367 314 439 tau
587 387 634 440 nu
657 389 688 439 c.
714 387 831 439 rursu
856 389 994 440 ruram

337 533 447 612 Quem
461 533 537 599 lieet
552 534 740 616 immergas,
755 553 882 599 mersus
898 543 1005 599 tamam
1017 529 1112 598 ardet
1126 531 1159 598 in
1174 534 1294 616 undis;

336 635 492 700 Protinus
505 639 557 699 ast
572 635 648 698 oleo
663 636 770 700 effuso
785 635 1009 718 restinguitur,
1023 634 1066 698 ad
1081 653 1143 698 uos

335 736 481 802 Threicii
496 737 582 801 hunc
596 737 725 801 mittunt
740 735 834 801 fluvii
849 737 890 800 de
904 736 1016 801 littore
1035 731 1141 801 Ponti.

293 835 419 908 Eadem
445 835 594 902 Galenus
617 856 662 900 cx
689 837 860 901 Nicandro
875 851 929 900 rx.
954 837 996 900 de
1019 837 1137 919 Simpl.
1154 834 1247 900 Med.
1272 833 1339 897 Fa·

250 940 330 1004 cult.
359 939 481 1017 retulit,
511 959 586 1022 quae
615 939 728 1002 soluta
747 939 895 1003 oratioue
923 938 1082 1002 Nicandri
1102 940 1235 1002 nomine
1256 951 1339 1020 supa·

249 1057 363 1122 presso
375 1041 594 1105 Dioscorides
609 1041 661 1104 his
673 1041 782 1103 verbis
798 1040 1023 1122 transcripsit:
1047 1037 1231 1103 ‘Thracius
1245 1035 1337 1119 lupis

248 1140 284 1203 iu
299 1141 434 1225 Scythia
447 1144 594 1208 nascitur
614 1142 759 1225 quodam
780 1160 888 1218 amne,
902 1141 959 1224 qui
980 1140 1111 1204 Pontus
1127 1138 1269 1202 diciturr
1284 1139 1337 1202 vis

248 1243 279 1305 ei
301 1261 363 1324 par
378 1242 529 1325 Gagatoe.
573 1243 676 1307 Aiunt
691 1241 830 1307 accendi
845 1261 920 1307 cum
944 1261 1045 1324 aqua,
1060 1239 1137 1305 oleo
1152 1238 1336 1320 restingui!

249 1341 381 1407 Plinius
407 1353 517 1409 autem
535 1343 616 1408 Nat.
641 1344 735 1407 liist.
752 1359 900 1410 xxxiii.
915 1343 947 1407 5.
970 1342 1176 1406 ‘Thracium
1191 1338 1336 1423 lapidem

248 1451 337 1526 aqua
360 1444 511 1520 accendi,
533 1445 610 1508 oleo
629 1443 808 1526 restingui’
830 1445 987 1521 scribens,
1009 1442 1174 1508 Nicandri
1194 1442 1336 1506 mentio·

246 1559 322 1606 nem
344 1563 537 1628 quanquam
562 1545 720 1622 omiserit,
750 1551 859 1610 tamen
882 1546 968 1610 libro
994 1545 1101 1628 primo
1127 1544 1161 1607 in
1188 1544 1335 1606 externis

247 1646 441 1710 auctoribus
469 1645 690 1725 recensendis,
712 1665 800 1730 quos
827 1647 913 1710 libro
930 1659 1078 1708 xxxin.
1098 1642 1132 1707 iu
1157 1643 1335 1708 scribendo

247 1753 388 1810 secutus
410 1753 474 1826 est,
491 1746 695 1813 Nicandrum
717 1749 911 1812 nominavit.
956 1745 1045 1810 Haec
1060 1746 1119 1828 qui
1141 1744 1274 1821 viderit,
1298 1751 1335 1810 et

247 1852 356 1910 mente
368 1847 400 1910 iu
415 1865 456 1912 ea
471 1848 596 1912 intenta
610 1849 850 1932 contemplatus
865 1846 973 1923 suerit,
985 1863 1030 1910 ex
1042 1845 1094 1910 his
1108 1845 1226 1930 paucis
1238 1845 1336 1927 plura

247 1947 291 2011 ab
306 1937 547 2032 antiquioribus
566 1968 604 2014 so
624 1950 814 2014 auctoribus
829 1957 974 2032 accepta
990 1947 1220 2013 Dioscoridem
1240 1947 1335 2031 operi

245 2065 308 2111 suo
320 2049 497 2114 inseruisse
518 2050 618 2116 facile
633 2050 800 2135 conjiciet,
816 2069 892 2134 qum
907 2051 987 2133 quia
1001 2069 1064 2114 soa
1076 2067 1152 2114 esse
1167 2047 1334 2112 crederem

244 2153 307 2226 tur,
327 2149 452 2215 factum
467 2157 527 2230 est,
541 2159 579 2215 nt
594 2151 713 2215 alienae
729 2151 837 2234 culpae
855 2151 985 2216 Plinius
1005 2157 1115 2216 noster
1129 2150 1333 2214 innocentis-

245 2249 351 2314 simus
363 2271 481 2335 poenas
504 2253 740 2318 acerbissimas
754 2253 866 2330 luerit,
881 2254 940 2335 qui
955 2271 1042 2331 cum,
1054 2270 1122 2316 nou
1137 2258 1175 2314 ut
1189 2251 1333 2330 damnet,

244 2351 370 2416 multos
385 2354 529 2417 nominet
544 2360 708 2430 auctores,
724 2353 783 2417 sed
797 2361 836 2418 ut
860 2361 988 2435 gratum
1011 2373 1089 2436 erga
1109 2371 1171 2418 eos
1192 2371 1230 2417 so
1245 2371 1334 2436 prte-

212 2493 222 2502 ·
241 2447 332 2530 beat,
348 2462 387 2517 ut
402 2454 544 2518 fateatur
562 2473 622 2536 per
637 2474 720 2537 quos
735 2453 923 2537 profecerit,
934 2472 1010 2520 cum
1025 2453 1106 2518 nihil
1121 2473 1217 2536 paene
1233 2473 1331 2518 soum

244 2569 318 2615 esse
334 2553 467 2630 dixerit,
491 2573 595 2636 seque
615 2555 775 2620 asseclam
798 2574 887 2632 csse,
909 2575 973 2619 nou
989 2562 1157 2620 auctorem
1178 2554 1332 2638 profitea-

242 2659 307 2730 tur,
330 2658 439 2718 tamen
461 2663 601 2719 vocatus
624 2656 657 2720 in
675 2657 840 2740 judicium
856 2656 985 2720 alienos
1000 2657 1130 2722 labores
1157 2656 1332 2732 invasisse,

244 2753 426 2837 expilasse,
449 2761 549 2840 atque
573 2757 748 2841 diripuisse
765 2757 927 2834 fortunat
948 2759 1066 2840 paucis
1087 2757 1210 2832 dicero,
1230 2775 1330 2824 accu-

242 2858 335 2918 satur
363 2853 456 2933 furti,
481 2862 580 2940 atque
605 2857 696 2940 apud
717 2857 882 2923 Historiae
907 2857 1080 2923 Naturalis
1101 2858 1275 2924 studiosos
1297 2859 1329 2922 in

242 2953 401 3020 invidiam
415 2964 570 3022 vocatur:
586 2959 746 3042 quodque
753 2961 886 3041 gravius
902 2966 968 3037 est,
979 2961 1107 3025 indicta
1121 2979 1227 3025 eausa
1237 2960 1329 3024 dem*

240 3062 350 3132 natur,
366 3061 400 3120 et
414 3064 590 3124 accusatur
604 3058 693 3124 furti.
739 3061 970 3140 Dioscorides,
993 3081 1070 3126 cum
1091 3062 1253 3126 neminem
1267 3081 1329 3126 uo·

240 3156 351 3234 minet,
367 3157 432 3220 nisi
448 3177 546 3240 quem
568 3160 783 3242 reprehendit,
797 3161 921 3225 nemini
942 3162 1061 3229 reserat
1075 3165 1255 3248 quicquam
1271 3181 1328 3228 ao·

240 3264 387 3340 ceptum,
403 3259 553 3323 omniurn
575 3267 745 3324 auctorem
767 3282 804 3326 se
820 3262 932 3340 saciat,
948 3272 983 3326 ct
998 3269 1111 3328 auctor
1125 3281 1198 3327 esse
1214 3264 1327 3330 creda*

239 3363 302 3437 tur,
314 3378 499 3443 suppresso
511 3360 655 3445 denique
679 3363 811 3427 nomino
825 3363 1029 3445 quorundam
1045 3365 1169 3447 scripta
1183 3365 1232 3428 ita
1246 3365 1327 3428 rete·

237 3465 290 3522 rat
304 3458 346 3521 ad
362 3462 511 3538 verbum,
525 3469 562 3526 ut
575 3464 655 3528 nibil
677 3483 814 3545 prorsus
827 3463 869 3527 de
892 3483 955 3528 suo
977 3463 1088 3542 addat,
1102 3483 1168 3528 nou
1191 3463 1327 3530 damua—

237 3565 299 3636 tur,
313 3578 378 3623 nou
394 3567 580 3638 aecusator,
592 3563 652 3627 sed
663 3565 780 3628 multis
795 3564 951 3628 laudibus
973 3565 1193 3648 encomioquo
1215 3566 1326 3648 singu*

235 3659 298 3723 lari
313 3679 334 3723 a
349 3661 428 3724 viris
451 3659 562 3726 doctis
588 3665 848 3730 commendatur.
891 3665 991 3731 Solus
1013 3668 1056 3730 ab
1079 3665 1200 3731 alienis
1222 3668 1326 3732 absti-

235 3761 362 3839 nuisse,
378 3781 454 3845 qu·
471 3779 535 3826 sua
560 3771 648 3840 suut,
662 3785 739 3848 quaa
754 3765 886 3842 viderit,
901 3785 977 3847 quae
990 3766 1229 3843 observaverit,
1252 3767 1325 3834 hoec

237 3863 582 3946 attigisse,diligontcr
595 3866 804 3949 exposuisse,
821 3866 904 3930 scite
919 3885 960 3930 ao
976 3865 1117 3932 fideliter
1131 3867 1325 3933 exhibuisse

238 3963 428 4044 posteritati
457 3963 670 4047 praedicatur,
700 3987 776 4050 quae
800 3986 866 4032 nou
893 3967 1023 4046 viderit,
1048 3967 1100 4032 vel
1118 3969 1323 4050 praeteriisse

234 4079 384 4146 prorsus,
406 4065 458 4130 vel
488 4084 532 4130 ea
561 4067 714 4132 retulisse
743 4089 820 4154 quae
844 4069 888 4133 ab
910 4068 1102 4133 homiuibus
1123 4067 1190 4132 fide
1211 4068 1322 4151 dignis

216 4165 429 4246 accepisset,
461 4166 496 4231 iu
520 4169 686 4250 quibusve
723 4187 853 4236 summa
889 4169 1108 4235 consensione
1138 4169 1319 4254 scriptores
