3056 4878
502 411 590 460 sne.
613 409 710 462 nrsr.
733 410 805 459 nm.
828 411 869 460 11.
890 397 944 460 55.
1204 400 1269 466 437

180 557 237 616 tus
266 535 401 616 remeat.
447 552 486 616 Iu
511 549 682 616 sedecimd
707 558 820 635 partes
843 555 965 619 coelum
985 552 1019 618 in
1042 573 1084 619 eo
1105 563 1271 640 aspectat

181 651 324 716 divisere
339 652 454 719 Tusci.
498 651 614 718 Prima
627 658 678 717 est
694 673 716 718 a
738 656 1027 737 septemtrionibus
1042 655 1086 720 ad
1103 657 1270 740 aequinoc-

181 751 296 818 tialem
309 760 481 820 exortum:
505 754 655 818 secunda
669 754 712 818 ad
735 755 915 831 meridiem,
937 757 1032 820 tertia
1046 757 1090 820 ad
1105 757 1271 838 aequinoc-

182 855 295 919 tialem
324 874 503 919 occasum:
530 861 651 937 quarta
681 857 816 934 obtinet,
846 855 934 939 quod
960 855 1121 940 reliquum
1149 864 1201 919 est
1227 857 1271 922 ab

182 973 305 1020 occasu
332 957 375 1020 ad
399 957 667 1039 septemtriones.
711 957 788 1020 Has
811 957 927 1022 iterum
950 958 984 1022 in
999 963 1173 1040 quaternas
1188 956 1272 1021 divi·

182 1075 256 1120 rere
270 1065 395 1139 partes,
416 1075 460 1120 ex
482 1057 603 1140 quibus
626 1065 705 1123 octo
725 1059 768 1121 ab
787 1066 905 1122 exortu
928 1059 1089 1135 sinistras,
1103 1058 1271 1122 totideme

182 1157 346 1220 contrario
370 1157 579 1240 appellavere
603 1157 753 1223 dextras.
798 1159 852 1222 Ex
869 1157 924 1222 his
938 1159 1082 1224 maxime
1098 1158 1182 1230 dira,
1196 1176 1273 1242 quar

183 1258 455 1339 septemtrionem
484 1259 527 1322 ab
557 1277 678 1324 occasu
707 1260 897 1342 attingunt!
948 1257 1068 1342 Itaque
1096 1259 1273 1342 plurimum

183 1359 307 1438 refert,⁶
322 1359 411 1424 undo
425 1360 575 1424 venerint
593 1359 748 1440 fulmina,
767 1367 883 1442 etque
899 1361 1134 1426 concesserint.
1178 1359 1274 1443 Opti·

183 1479 274 1524 mum
296 1468 358 1538 est,
381 1463 415 1524 in
438 1463 611 1526 exortivas
632 1459 740 1524 redire
761 1466 883 1543 partes.
929 1461 1011 1524 Ideo
1033 1480 1108 1524 cum
1131 1463 1275 1542 aprima

184 1561 264 1625 coeli
278 1569 375 1644 parto
391 1562 551 1638 venerint,
566 1567 598 1626 et
611 1562 646 1624 in
659 1562 797 1626 eandem
814 1561 1049 1639 concesserint,
1063 1580 1190 1626 summa
1201 1560 1275 1624 seii-

185 1663 271 1727 citas
298 1663 517 1746 portenditur,
545 1662 645 1745 quale
670 1661 772 1745 Syllae
795 1661 953 1728 dictatori
975 1667 1139 1726 ostentum
1160 1662 1276 1726 datum

185 1763 390 1847 accepimus.
427 1762 568 1828 Cetera·
584 1764 691 1847 ipsius
703 1763 818 1828 muudi
831 1765 985 1847 portione
996 1763 1106 1828 minus
1118 1779 1276 1847 prospera

185 1869 245 1928 aut
259 1865 341 1930 dira.
387 1864 552 1943 Quaedam
568 1866 697 1947 fulgura
711 1867 904 1930 enuntiare⁷
920 1885 986 1930 non
999 1872 1123 1947 putant
1136 1864 1200 1941 ias,
1215 1881 1276 1926 uec

185 1966 311 2044 audire,
325 1973 546 2049 praeterquam
562 1967 591 2030 si
606 1966 730 2049 hospiti
739 1966 936 2042 indicentur,
948 1971 1007 2029 aut
1018 1963 1160 2047 parenti.
1181 1963 1277 2046 Mag·

185 2087 229 2132 na
242 2067 343 2150 hujus
365 2067 606 2132 observationis
622 2066 766 2142 vanitas,
787 2071 877 2130 tacta
888 2065 911 2129 J
915 2065 1032 2128 unonis
1053 2065 1138 2142 aede,
1155 2063 1276 2128 Romae

186 2167 394 2251 deprehensa
406 2167 481 2232 est⁸
497 2169 625 2232 Scauro
641 2166 787 2245 consule,
804 2167 861 2250 qui
876 2186 955 2230 mox
972 2159 1147 2249 princeps‘
1158 2163 1234 2227 suit.

230 2267 344 2334 Noetu
370 2271 489 2352 magis,
518 2287 615 2352 quam
642 2267 793 2346 interdiu,
824 2268 895 2331 sine
921 2266 1096 2330 tonitribus
1121 2264 1276 2345 fulgurat.

188 2368 301 2435 Unum
317 2373 464 2436 animai¹
486 2372 653 2436 bominem
668 2389 736 2434 nou
751 2387 883 2451 semper
897 2367 1076 2452 extinguit,
1090 2372 1200 2431 cetera
1213 2363 1278 2428 itli-

647 2565 825 2587 nonum

188 2696 284 2747 Mitter.
295 2697 401 2761 Bipont.
413 2705 441 2748 et
457 2700 547 2749 Franz.
557 2699 656 2764 spiritur
672 2705 818 2751 neunt-t
836 2697 878 2747 lte
895 2695 971 2746 codd.
989 2695 1085 2744 Deire.
1100 2699 1128 2742 et
1141 2690 1278 2754 Herdnini,

189 2761 250 2810 item
263 2761 322 2810 edd.
335 2763 463 2812 Harduin.
475 2769 501 2812 l.
510 2768 535 2814 Ἃ.
547 2769 571 2813 t.
589 2764 684 2812 Mitter.
697 2765 804 2827 Bipont.
821 2772 847 2812 et
869 2763 958 2810 Frena.
976 2760 1003 2808 is
1020 2775 1047 2808 eo
1061 2762 1142 2821 aperta
1154 2756 1240 2805 Tniet.
1251 2764 1281 2804 et

189 2827 484 2940 ibi‘ttiffli
496 2823 1093 2940 turritus“remetitur
1105 2818 1279 2933 tutent·

188 2969 240 3016 prta
258 2969 301 3016 per
317 2905 493 3017 Septentrioffrer
510 2956 623 3004 Occurres
640 2905 820 3016 ottinsund-b
837 2955 921 3016 itnptte
938 2949 1108 3014 perplurimum
1126 2946 1200 3006 rrsert
1219 2945 1279 2994 Aid.

188 3016 264 3068 Juut.
276 3018 356 3067 Basii.
368 3019 450 3082 Lugd.
463 3020 563 3070 Erum.
575 3018 655 3082 Leyd.
666 3017 771 3067 Franks.
784 3017 872 3066 Driec.
886 3015 969 3080 bugd.
980 3017 1052 3063 1606.
1063 3011 1116 3061 en.
1127 3017 1155 3060 et
1163 3010 1280 3059 Gronov.

190 3081 273 3143 itaque
288 3083 415 3145 piurima
427 3082 501 3142 refert
512 3099 544 3131 ex
562 3083 637 3133 codd.
649 3083 700 3132 snit
714 3083 795 3131 edidit
813 3080 973 3140 Harduinus,
992 3089 1103 3140 eumque
1121 3076 1203 3124 secuti
1220 3081 1281 3122 sunt

190 3145 286 3196 Miitrr.
299 3147 404 3208 Bipont.
416 3155 444 3196 et
456 3148 594 3196 Frena-7
611 3147 675 3196 Cnd.
689 3147 778 3197 Dulce.
789 3159 910 3208 prospero.
944 3143 978 3194 Ar
990 3143 1043 3191 dim
1054 3141 1161 3204 qudam
1171 3139 1281 3187 mman-

190 3213 274 3260 re.-8
291 3211 426 3261 Veniret.
442 3224 485 3274 tp.
498 3212 590 3261 Daton.
604 3217 632 3260 et
647 3211 763 3261 Gronov.
774 3212 883 3272 depresso
895 3209 979 3257 Rom
994 3211 1038 3255 ert.
1071 3205 1135 3254 Mor
1149 3203 1282 3252 Dnieetm·

684 3369 793 3420 NOTAE

223 3483 236 3520 ὂ
252 3482 283 3532 lu
294 3483 405 3546 wdecim]
421 3482 513 3532 Cicero
525 3483 558 3533 de
568 3484 658 3533 Divin.
670 3483 716 3534 iib.
756 3481 844 3531 mundi
857 3479 974 3544 portione
985 3481 1134 3536 cernuntur,
1142 3486 1174 3522 ea
1185 3486 1232 3536 pro
1244 3485 1283 3522 re·

191 3573 224 3610 tt.
232 3573 291 3624 pag.
301 3563 358 3608 228.
373 3563 381 3588 ⁴
393 3559 461 3611 Quid
471 3569 510 3610 ert
520 3560 615 3624 igitur?
626 3560 717 3624 inquit,
758 3560 832 3623 ginno
844 3555 912 3604 unde
923 3562 981 3603 orta
992 3550 1151 3606 sarriebant
1162 3563 1212 3613 qun
1223 3561 1283 3596 eon·

191 3635 281 3698 ‘quod
302 3637 467 3685 observatum
489 3637 523 3686 eit
544 3639 568 3686 in
597 3635 717 3699 fulgure?
756 3629 982 3686 censentientem
1003 3623 1284 3691 prosperantium·

193 3712 292 3762 Cretum
304 3712 330 3760 in
347 3712 456 3761 sedecim
476 3721 561 3775 parter
576 3714 718 3764 diviserunt
758 3710 814 3758 dira
824 3713 972 3766 censentur,
982 3717 1014 3752 ea
1024 3716 1076 3766 qua
1086 3701 1184 3750 dictum
1196 3707 1235 3749 ert
1244 3713 1284 3748 rr·

193 3788 302 3836 Etrusci.
338 3788 423 3837 Facite
438 3787 463 3837 id
474 3789 575 3853 quidem
587 3789 645 3850 suit,
657 3803 717 3853 qtta-
758 3787 837 3837 tinne.

194 3873 254 3913 taor
272 3879 335 3926 quea
355 3878 399 3912 nor
417 3865 548 3924 babemus,
567 3866 717 3929 duplicare:
789 3860 941 3925 senecen]
958 3858 1085 3918 Princeps
1102 3855 1222 3916 Senatus,
1235 3853 1286 3912 vet,

194 3949 255 4006 post
273 3940 340 3988 idem
359 3941 452 3990 iterum
473 3939 572 4000 fecere,
593 3947 621 3988 ut
638 3955 670 3989 ex
688 3953 719 3989 eo
759 3937 893 3987 urdieitur
910 3947 1007 3985 xxxvr.
1025 3935 1066 3980 at.
1100 3929 1228 3990 Princeps
1244 3934 1285 3976 tn·

192 4016 334 4076 discerent,
344 4014 439 4065 taimen
449 4030 499 4079 qus
509 4030 542 4065 ex
554 4023 627 4080 parte
638 4015 719 4064 venis·
761 4015 811 4064 tina
821 4013 944 4062 civitatis.

195 4099 245 4141 aet.
280 4092 404 4155 Primum,
420 4091 445 4142 id
458 4091 519 4156 quid
532 4091 658 4141 intereat?
675 4091 718 4140 de·
791 4088 899 4138 ‘Unum
916 4085 1015 4148 omi]
1030 4078 1286 4131 Vidimuaieteat'ni·

195 4165 255 4218 inde
266 4167 326 4231 quid
343 4166 495 4232 significet?
511 4171 560 4220 &a
760 4166 827 4215 mine
837 4161 1007 4227 strperrtitert
1024 4158 1113 4210 redita
1122 4162 1286 4219 utuunqumn

228 4250 240 4276 e
258 4245 354 4309 Cetera]
370 4246 434 4298 Qua
454 4243 561 4296 fulmina
580 4245 605 4294 in
625 4243 721 4309 reliqua
761 4249 831 4292 recte
851 4252 942 4303 repere
962 4243 1007 4286 tut
1023 4234 1094 4298 ioqui
1112 4237 1203 4296 portet
1218 4231 1286 4280 rste·
