3016 4876
254 391 298 454 62
591 407 639 456 nn
660 405 693 456 c.
716 405 835 457 aarum
860 405 1001 457 arram

256 549 341 614 culis
357 556 433 613 ante
448 551 554 627 annis,
569 568 671 632 quam
685 549 851 634 Trajanus
867 552 1053 632 imperaret,
1068 546 1215 612 Plinium
1228 545 1341 610 Senlo·

255 669 323 714 rem
338 650 533 725 decessisse,
547 649 688 715 iuniore
703 651 845 714 nondum
857 649 1119 716 adolescentiam
1130 665 1274 729 egresso.
1286 646 1341 728 qai

255 751 454 815 duodecimo
469 753 596 834 imperii
611 753 749 835 Trajani
771 772 856 816 anno
871 769 974 816 senex
992 757 1096 814 esset.
1140 749 1263 812 Fateor
1278 747 1345 810 Vc·

256 851 343 916 savii
367 850 670 933 conflagrationem,
693 854 789 937 cujus
811 853 923 916 turnus
943 851 1143 918 avunculum
1158 846 1343 931 oppressit,

171 959 174 968 '
255 951 291 1016 in
305 969 427 1018 annum
441 951 512 1014 Titi
533 953 737 1035 principatus
760 953 897 1017 alterum
921 952 1088 1016 incidisse.
1132 949 1246 1013 Unum
1259 947 1345 1012 illud

255 1070 323 1116 non
346 1052 452 1117 fateor
475 1053 581 1129 ulcus,
606 1059 644 1118 ut
663 1051 810 1118 Pantheo
832 1055 939 1118 risum
962 1060 1024 1128 est,
1047 1052 1112 1117 boc
1133 1071 1221 1127 esse,
1242 1057 1343 1133 atque

256 1153 343 1217 adeo
357 1151 543 1229 cacoethes,
562 1158 594 1217 et
616 1154 813 1218 insanabile.
858 1154 948 1218 Volo
964 1173 1026 1236 ego
1048 1154 1254 1218 luxationem
1269 1169 1344 1228 esse

256 1253 353 1337 cnjus
371 1254 470 1317 etiam
490 1253 534 1318 sit
549 1253 678 1318 sanatio
691 1254 814 1332 facille,
828 1256 871 1320 D.
888 1255 1088 1338 Hieronymi
1102 1254 1167 1318 bac
1179 1254 1221 1318 de
1236 1252 1345 1317 Plinio

256 1355 416 1418 sententia
430 1354 464 1417 in
478 1355 652 1436 pristinam
666 1355 780 1420 sedem
800 1357 878 1419 anni
898 1356 1093 1440 imperantis
1106 1354 1176 1419 Titi
1191 1353 1342 1429 secundi,

256 1454 342 1519 unde
358 1454 494 1532 excidit,
506 1457 669 1530 restituta,
679 1475 782 1539 quam
798 1456 883 1520 forte
900 1454 1124 1521 Cassiodorus
1140 1455 1345 1530 exturbavit,

257 1575 279 1618 a
293 1572 362 1638 quo
376 1554 439 1618 sub
453 1572 495 1617 ee
510 1556 653 1638 precise
667 1555 807 1639 'lbajani
826 1557 954 1639 imperii
976 1575 1062 1621 anno
1077 1557 1273 1634 collocatur,
1289 1555 1348 1637 qni

256 1655 378 1737 legitur
392 1658 427 1719 in
442 1656 602 1722 Eusebio.
645 1656 728 1721 Cum
745 1659 832 1721 enim
847 1658 991 1723 Plinium
1006 1658 1197 1723 Secundum
1211 1657 1348 1738 legisset

257 1759 346 1841 apud
361 1759 613 1836 Tertullianum,
630 1757 822 1835 Eusebium,
830 1759 886 1823 vel
902 1759 945 1823 D.
958 1759 1209 1842 Hieronymum,
1219 1762 1252 1821 et
1264 1756 1348 1821 Oro-

257 1859 353 1937 sium,
377 1861 560 1943 Trajanum
585 1860 627 1924 de
645 1858 841 1925 Christianis
865 1859 1084 1936 consuluisse,
1105 1864 1203 1941 atque
1222 1857 1280 1934 ita,
1304 1857 1375 1921 ait,

261 1959 416 2038 Orosius,
431 1968 468 2026 ut
493 1961 662 2043 rescriptis
682 1960 863 2024 lenioribus
886 1961 1029 2024 edictum
1056 1959 1240 2041 Imperator
1268 1966 1350 2023 tem·

258 2062 433 2144 peraverit,
460 2062 606 2125 neminis
632 2081 672 2126 ac
701 2062 910 2142 cognominis
945 2059 1171 2135 similitudine,
1201 2060 1348 2122 maxime

257 2179 338 2225 vero
352 2155 516 2225 communi
539 2163 667 2245 utrique
689 2161 797 2244 patria
820 2160 995 2238 adductus,
1011 2159 1148 2224 eundern
1166 2179 1240 2224 esse
1264 2160 1350 2223 arbi-

256 2267 375 2340 tratus,
391 2263 451 2345 qui
463 2260 585 2327 Orator
599 2271 634 2328 et
650 2263 845 2328 Historicns
867 2262 1006 2343 insignis
1026 2259 1162 2325 babitus
1183 2267 1247 2338 est,
1260 2279 1302 2324 eo
1316 2262 1350 2324 in

256 2363 335 2427 loco
347 2361 518 2427 Seniorem
528 2364 562 2426 in
575 2364 646 2427 suis
656 2362 820 2429 chronicis
832 2362 1021 2439 collocavit,
1034 2362 1092 2446 qui
1103 2360 1235 2426 iuniori
1246 2360 1348 2425 debe·

256 2463 367 2540 batur,
381 2457 514 2545 partem
528 2470 637 2526 autern
654 2465 756 2540 illam,
777 2462 906 2546 ‘periit,
922 2462 1000 2526 dum
1011 2463 1129 2528 invisit
1143 2460 1349 2538 Vesuvium:

259 2562 429 2636 subticuit,
450 2563 496 2626 ob
517 2570 699 2644 temporum
714 2560 858 2626 Vesuvii
877 2560 1145 2640 conflagrationis
1164 2569 1201 2626 et
1217 2561 1349 2644 imperii

257 2662 394 2745 Trajani
409 2662 648 2727 diversitatem.
692 2663 743 2725 Ea
757 2663 836 2744 ipsa
850 2663 946 2738 ratio,
960 2669 997 2728 ut
1010 2659 1154 2726 Vesuvii
1164 2660 1349 2743 conflagra-
1402 2697 1406 2706 ·

259 2762 360 2826 tionis
375 2763 573 2826 mentionem
586 2764 781 2845 praeteriret,
796 2762 903 2828 Beda>
912 2782 1047 2846 quoque
1060 2762 1234 2845 persuasit.
1279 2760 1350 2840 Qui

259 2881 338 2927 vero
355 2860 594 2928 cassiodorum
610 2868 687 2946 post
700 2862 829 2928 Bedam
844 2864 956 2929 sacnti
966 2870 1053 2940 sunt,
1063 2863 1138 2946 ejus
1148 2863 1348 2928 auctoritate

258 2963 398 3038 inducti,
412 2967 445 3026 et
459 2965 649 3041 curatione,
665 2983 766 3048 quam
791 2983 836 3028 ex
856 2965 996 3028 duorum
1014 2962 1201 3030 Pliniornm
1218 2965 1350 3044 ignora·

258 3063 348 3128 tione
364 3063 575 3144 colligebant,
590 3083 658 3127 non
672 3064 821 3146 petuisse
837 3063 987 3141 Plinium,
998 3065 1058 3146 qui
1068 3065 1248 3148 proconsul
1258 3064 1350 3129 Pon·

258 3173 294 3230 tc
320 3163 497 3247 praefuisse
518 3163 664 3247 Trajano
686 3165 883 3249 imperante,
909 3166 974 3229 sub
992 3164 1085 3241 Tito,
1107 3184 1175 3248 quo
1200 3166 1350 3250 principe

259 3263 470 3330 memorabile
483 3264 565 3329 illud
579 3262 726 3328 Vesuvii
741 3265 926 3330 incendium
940 3264 1074 3344 accidit,
1085 3283 1105 3329 e
1116 3267 1188 3332 vita
1198 3265 1351 3347 pluribus

261 3373 337 3430 ante
353 3365 451 3430 annis
465 3365 658 3446 emigrasse,
676 3384 754 3448 quae
768 3365 810 3429 de
830 3366 946 3430 Plinio
968 3364 1145 3430 Histerico
1160 3373 1194 3429 et
1210 3364 1350 3430 Oratore

259 3465 323 3529 sub
337 3465 415 3530 'lito
429 3466 463 3529 in
475 3465 623 3531 Eusebio
637 3467 841 3548 legebantur,
866 3467 957 3531 eain
971 3465 1202 3532 duodecimum
1215 3465 1351 3551 Trajani

259 3565 468 3648 principatus
492 3585 624 3644 annum,
648 3568 707 3650 qui
734 3566 947 3650 proconsulis
971 3566 1071 3631 Plinii
1091 3564 1242 3630 iunioris
1265 3585 1350 3630 auno

260 3665 434 3748 proximus
466 3673 528 3743 est,
551 3673 831 3750 transposuerunt,
857 3667 952 3731 nulla
973 3667 1049 3750 ejus
1077 3668 1195 3750 partis,
1218 3669 1351 3751 ‘periit

261 3765 340 3831 dum
354 3766 470 3830 invisit
483 3765 691 3844 Vesuvium,'
713 3767 914 3834 detractione
929 3767 1032 3844 lacta,
1053 3786 1155 3850 quam
1170 3768 1264 3851 apud
1283 3767 1352 3832 Eu·

262 3867 401 3945 sebium,
416 3867 471 3931 vel
489 3866 704 3948 fragmentum
724 3867 806 3931 illud
823 3867 916 3951 quod
937 3867 1086 3932 Suetonii
1107 3887 1185 3933 esse
1199 3869 1351 3946 ereditur,

261 3968 432 4032 vidissent.
476 3967 567 4032 Hinc
587 3967 673 4032 sorte
687 3975 749 4046 est,
766 3969 858 4050 quod
882 3968 923 4032 de
945 3986 1045 4045 anno,
1061 3989 1129 4052 quo
1143 3968 1278 4036 Plinius
1290 3969 1352 4036 flo-

262 4069 378 4146 ruerit,
391 4066 643 4131 Bellovacensis
669 4088 691 4133 a
714 4069 916 4133 Cassiodoro
940 4068 1127 4145 dissentiat,
1153 4090 1229 4134 nam
1252 4091 1351 4155 quern

261 4167 317 4232 bic
334 4166 566 4234 duodecimum
585 4185 659 4232 esse
676 4169 794 4244 voluit,
813 4176 968 4254 quartum
988 4168 1154 4252 decimum
1168 4172 1277 4250 luisse
1294 4173 1351 4240 ille
