3004 4872
248 405 290 470 10
541 415 736 466 esuriero
758 415 812 464 ro.
835 415 1042 466 disoeno.

247 562 455 639 muntioeusi,
469 567 502 626 et
514 560 698 626 Toletano:
720 559 868 644 probatis
882 557 951 624 illis
972 557 1117 642 qnidam,
1131 557 1190 624 sad
1209 559 1335 642 mutilis

246 681 368 746 magna
380 680 425 726 ox
437 669 541 747 perte,
556 680 597 728 ao
613 663 748 728 dunois.
792 659 942 726 Contulit
960 679 1035 726 enm
1056 661 1200 726 Plinioe
1216 661 1334 746 priscis

248 764 450 831 auctoribus·
465 763 618 848 sliquos:
650 763 709 828 sed
733 763 782 827 ita
803 769 841 830 nt
857 781 965 846 neque
985 762 1126 828 Graecos
1145 781 1208 827 sua
1221 762 1336 845 lingua

248 867 460 942 consuluerit,
473 865 521 945 (id
536 865 628 950 qnod
645 863 687 930 de
709 864 910 930 Diosooride
931 865 1082 948 inprimis
1103 864 1336 930 animadverti-

234 965 351 1052 ·mus,)
364 975 400 1034 et
411 968 455 1032 ad
470 974 653 1034 ceterorum
672 975 816 1032 mentem
839 965 996 1032 Pliniana
1015 987 1107 1052 supe
1127 967 1254 1052 scripta
1268 973 1336 1031 tor·

249 1079 364 1154 queat,
377 1075 571 1153 textumque
584 1068 685 1153 plane
699 1069 851 1146 invertat,
861 1089 938 1134 cnm
951 1069 1112 1152 expedire
1120 1087 1155 1134 sa
1168 1069 1265 1134 aliter
1277 1087 1337 1132 ne·

249 1171 331 1255 quit,
346 1169 535 1255 nodumque
554 1169 697 1248 scindat,
720 1171 777 1236 oui
798 1169 959 1236 solvendo
980 1189 1017 1236 se
1038 1189 1103 1235 non
1123 1189 1199 1236 osae
1221 1187 1336 1254 parem

184 1293 188 1304 ·
249 1274 411 1358 intelligit,
427 1274 549 1340 audaci
564 1275 669 1358 magis
683 1293 785 1359 qnam
798 1274 965 1340 laudando
980 1283 1116 1340 consto.
1161 1272 1274 1342 Fateri
1286 1278 1336 1336 ta·

248 1395 323 1442 men
338 1377 431 1442 illum
445 1395 582 1442 nomaso
594 1382 656 1454 est,
672 1378 726 1441 vel
739 1376 854 1460 paulo,
870 1395 973 1460 quarn
989 1377 1159 1442 Barbarus
1173 1375 1245 1452 init,
1258 1373 1337 1439 reli·

248 1478 428 1560 giosiorem
436 1477 553 1557 inisse,
561 1479 620 1563 qui
630 1479 843 1562 conjecturas
854 1497 935 1544 suas
946 1477 1101 1544 Pliniauo
1110 1478 1205 1564 operi
1215 1483 1336 1562 spouta

249 1597 316 1644 non
331 1580 519 1649 inserueritt
548 1581 817 1664 vallandoque
838 1582 1036 1646 instructum
1054 1581 1098 1646 ab
1120 1581 1249 1652 amieis,
1262 1579 1338 1664 qni·

249 1683 310 1747 bos
323 1682 461 1747 inventa
475 1701 538 1747 sua
552 1683 603 1748 sie
617 1684 786 1769 probaret,
804 1687 842 1749 nt
854 1701 896 1748 ea
907 1685 942 1748 in
958 1689 1151 1748 contextum
1167 1681 1335 1747 adderent.

294 1783 375 1849 Fuit
392 1785 565 1852 modestiae
577 1792 638 1851 aut
656 1785 759 1850 sortis
778 1801 844 1851 nou
857 1787 988 1852 omnino
1003 1783 1167 1850 absimilis
1181 1783 1204 1848 J
1206 1783 1337 1848 aoobns

250 1885 503 1970 Dalooampius‚
526 1885 743 1952 Cadomensis
767 1906 786 1952 a
815 1885 988 1966 Neustria,
1009 1905 1073 1952 non
1097 1885 1220 1952 inlimae
1244 1890 1336 1948 notan

248 2006 324 2053 arvo
338 2007 400 2054 sno
414 1987 590 2054 Medicus:
612 1989 671 2072 qni
687 2007 763 2053 cum
777 1988 925 2073 duplicis
941 1991 1071 2073 generis
1093 1994 1193 2053 notas
1215 1988 1250 2051 in
1264 1985 1337 2050 Pli-

248 2089 338 2154 niom
353 2088 476 2168 ederat,
489 2090 612 2154 alteras
629 2090 830 2155 emendandi
851 2107 968 2170 causa,
987 2091 1111 2156 alteras
1127 2087 1336 2155 illustrandi:

208 2235 213 2248 .
248 2193 378 2276 priores
390 2191 532 2274 margine
545 2191 620 2258 libri
634 2191 794 2269 ooiirouit
803 2193 974 2278 jussitque
986 2195 1072 2258 intra
1087 2209 1147 2256 eos
1159 2191 1244 2256 linas
1259 2209 1338 2258 oon·

249 2295 351 2358 tinere
380 2313 467 2372 sese,
487 2313 547 2358 neo
569 2289 749 2377 irrumpere
769 2295 805 2358 in
829 2302 1037 2360 contextum.
1089 2293 1135 2358 Et
1158 2301 1234 2358 sunt
1255 2311 1337 2358 sano

248 2413 364 2462 omues
378 2395 624 2463 andoniusonloa
645 2395 859 2480 oonjaoturee,
873 2415 933 2462 neo
947 2395 1027 2461 ullas
1047 2395 1182 2460 omuino
1196 2400 1249 2460 sat
1263 2394 1337 2458 loli-

249 2517 318 2562 oos.
345 2497 628 2579 ‘Dalaoempius,‘
654 2497 768 2562 aiebat
789 2497 869 2563 olim
895 2504 1084 2571 nonnemo:
1111 2497 1186 2564 ‘vir
1211 2495 1337 2579 alioqui

248 2601 334 2664 bene
349 2598 477 2677 doctus,
501 2597 649 2663 Plinium
669 2599 913 2666 amandandum
927 2608 964 2665 et
976 2597 1207 2666 excudendum
1223 2615 1337 2664 ansoo-

249 2703 319 2784 pitr
353 2699 415 2764 sed
436 2705 574 2783 quaest
598 2699 755 2778 audacia,
770 2703 883 2767 omnia
907 2703 1049 2767 invertat
1069 2708 1102 2767 et
1124 2708 1336 2785 oonnnpet:

249 2802 342 2886 quia,
355 2801 446 2886 quod
458 2801 552 2866 molti
566 2802 686 2880 solent,
703 2804 733 2868 si
746 2803 810 2869 hoc
825 2803 951 2870 illudve
966 2803 1165 2870 vocabulum
1179 2821 1245 2869 non
1259 2805 1338 2869 arri·

249 2904 313 2983 det,
325 2905 439 2970 statim
452 2905 616 2982 immutat,
632 2923 673 2968 ao
689 2925 783 2990 saepe
796 2907 832 2970 in
846 2905 1014 2974 deterius:
1055 2903 1164 2971 Vates
1177 2906 1262 2976 fuit:
1275 2923 1336 2970 neo

249 3007 422 3087 pauciores
444 3007 571 3071 idcireo
585 3025 662 3072 oum
677 3025 719 3072 eo
743 3008 822 3087 lere,
845 3025 948 3092 quam
967 3025 1045 3074 cnm
1066 3009 1338 3082 amanuensium,

249 3107 307 3189 qui
323 3106 466 3171 Plinium
480 3127 666 3191 corrupere,
681 3111 893 3177 conserendae
906 3111 1006 3176 nobis
1017 3127 1137 3195 pugnus
1152 3107 1307 3176 tremuli

293 3207 396 3287 Quod
415 3207 460 3272 ad
474 3211 669 3293 posterioris
688 3210 816 3294 generis
839 3213 950 3278 Notas
969 3214 1068 3279 abeo
1082 3211 1192 3277 editas
1207 3212 1337 3289 attinet,

248 3327 310 3373 neo
324 3318 506 3394 perpetuas
519 3309 596 3375 illas
609 3311 700 3390 iacit,
714 3331 776 3378 noo
792 3313 876 3380 setis
899 3321 1084 3397 argomento
1105 3313 1338 3380 accommoda·

248 3415 314 3487 tas,
326 3415 361 3474 et
372 3411 547 3496 plerasque
560 3412 661 3478 atium
675 3412 794 3499 plenus
803 3415 975 3480 inanitatis
990 3431 1031 3480 ao
1045 3413 1212 3480 salsitatis.
1247 3411 1281 3478 N
1283 3430 1337 3478 am

248 3529 358 3594 neque
372 3511 658 3598 Cosmograplrioa
678 3515 822 3594 omnino,
846 3535 907 3582 noo
929 3516 1165 3600 Geographioa
1182 3516 1249 3580 fera
1263 3518 1338 3580 atti·

248 3612 306 3694 git,
320 3631 398 3696 quae
411 3633 492 3697 pars
506 3615 618 3699 operis
633 3617 732 3682 istius
745 3618 833 3683 hand
848 3619 995 3696 minima,
1015 3619 1080 3682 nisi
1095 3624 1133 3683 nt
1146 3635 1339 3701 eorrumpe-

247 3719 297 3778 ret
311 3714 418 3779 obiter
431 3716 528 3781 falsis
541 3717 739 3800 oppidorum
756 3739 797 3786 ac
815 3723 984 3805 regionum
1000 3718 1336 3803 interpretationibus.
1416 3763 1421 3778 .

257 3987 263 4000 .
279 3951 291 3977 ·
305 3941 400 4006 dorllg.
411 3943 436 3992 in
448 3943 634 4008 Scaligerisulr.
813 3945 862 3996 lroo
872 3951 922 4004 est,
931 3945 1105 4010 manoaorlpto
1122 3941 1210 3994 rodim
1228 3939 1338 4008 profert,

278 4019 535 4085 [filardulnlEditlo
546 4021 659 4073 emunda
669 4023 711 4074 lile
722 4023 772 4072 loei
812 4021 896 4072 varlas
915 4021 1052 4082 lectiones,
1067 4035 1117 4070 non
1134 4019 1203 4070 allud
1221 4033 1264 4069 aaa
1275 4019 1338 4082 jura

248 4097 394 4162 subjungit:
417 4103 425 4128 ⁸
438 4098 672 4149 Animadvertimus
694 4099 771 4148 etiam
811 4097 904 4157 rideri,
917 4110 990 4178 qnam
1002 4093 1097 4146 eruditi
1109 4095 1251 4160 cujuspiam
1263 4095 1338 4144 nnius

249 4173 502 4240 postmodumque·
522 4175 715 4239 ille,tanqnatn
738 4189 770 4224 ex
811 4173 949 4223 alteriusve
971 4171 1004 4220 ad
1027 4185 1097 4222 oram
1122 4171 1179 4222 libri
1205 4171 1337 4236 appositas

248 4246 309 4298 vet.
320 4259 365 4298 seo
376 4254 464 4304 ratere
475 4249 626 4315 exemptlarl,
636 4249 677 4300 rel
688 4263 721 4301 as
732 4249 771 4300 ll·
810 4245 1039 4312 conlatronem]
