3056 4878
287 403 351 468 452
649 407 682 460 c.
704 409 825 460 rnrurr
850 406 1013 460 sueonos

288 578 470 642 assurgere.
511 557 577 622 Sed
594 555 696 638 vulgo
717 554 887 620 maximas
908 554 981 620 baec
1002 573 1118 639 pugna
1138 559 1203 632 est,
1225 555 1256 618 si
1279 571 1379 619 couc-

286 668 356 727 tem
369 661 402 724 in
415 657 570 722 verticem
586 675 748 741 aquatum
769 671 903 739 quoquc
924 655 1062 737 liguram
1077 655 1212 719 credere
1226 663 1377 738 cogatur,

287 763 394 844 Atqui
409 777 475 822 non
488 759 580 824 uliud
592 759 626 822 in
642 777 748 824 rernm
756 766 870 822 nutura
881 762 1022 848 aspectu
1032 757 1249 822 manifestius.
1275 757 1380 821 Num-

288 881 354 947 que
369 857 427 924 et'¹
449 859 668 942 dependentes
689 859 815 940 ubique
837 863 942 939 ganuae
963 859 1077 940 parvis
1098 859 1277 941 globantur
1290 857 1379 923 orbi·

287 965 370 1028 bus:
393 968 428 1026 et
442 960 569 1044 pulveri
582 960 695 1038 illatae,
709 959 938 1042 frondiumque
953 959 1099 1041 lanugini
1117 959 1303 1041 impositae,
1318 961 1379 1024 ab·

290 1066 402 1129 soluta
417 1061 613 1126 rotunditate
636 1067 832 1126 oemuntnr:
856 1066 891 1124 et
912 1059 944 1124 in
960 1061 1092 1143 poculis
1113 1062 1253 1146 repletis
1267 1060 1379 1124 medie

288 1165 434 1231 maxime
457 1167 601 1226 tumente
623 1181 698 1245 qnae
719 1173 855 1245 propter
878 1161 1094 1227 subtilitatem
1115 1161 1276 1237 humoris,
1294 1162 1379 1224 mol·

289 1267 459 1349 litiumque
483 1263 518 1327 in
541 1281 578 1326 se
598 1261 825 1340 residentem,⁶
849 1263 976 1327 ratione
1000 1262 1145 1339 saciliuS,
1167 1281 1267 1345 quens
1290 1261 1378 1339 visu,

290 1365 585 1450 deprehenduntnr.
627 1364 734 1447 quue
761 1366 860 1429 etiam
890 1365 996 1446 snugm
1024 1365 1154 1442 mirum,
1179 1365 1213 1427 in
1243 1365 1378 1447 poculis

290 1469 437 1552 repletis,
449 1465 563 1532 addito
576 1467 711 1530 bumore
725 1466 859 1530 minimo
875 1465 1097 1530 circumlinere
1108 1462 1198 1549 quod
1212 1465 1377 1547 supersit:

290 1577 406 1634 contra
428 1567 557 1632 evenire
579 1565 780 1650 ponderibus
801 1566 925 1631 additis
953 1566 994 1630 ed
1009 1567 1143 1631 vicenos
1165 1584 1255 1647 saepe
1277 1564 1380 1628 dena·

289 1673 378 1737 rios:
400 1669 531 1734 scilicet
550 1669 629 1750 quia
651 1667 742 1732 intus
764 1675 901 1750 recepta
921 1667 1084 1749 liquorem
1104 1667 1138 1731 in
1150 1666 1310 1730 verticem
1326 1673 1379 1730 at·

291 1769 417 1845 tollant,
440 1787 481 1831 au
507 1767 639 1831 cumulo
667 1768 832 1831 eminente
855 1765 970 1830 intusa
995 1767 1207 1831 dilabuntur.⁷
1254 1765 1380 1830 Eadem

291 1875 343 1934 est
356 1887 461 1934 cansa
475 1874 722 1952 propterquam
738 1867 912 1934 enavibus
927 1873 1013 1933 terra
1025 1889 1090 1933 non
1105 1873 1272 1942 cernatur,
1286 1888 1306 1933 e
1320 1889 1383 1934 na-

291 1971 381 2034 uium
408 1969 506 2032 malie
535 1967 739 2053 conspicua:
768 1989 807 2034 uc
836 1971 953 2055 procul
978 1969 1147 2036 recedente
1173 1970 1319 2053 navigio,
1350 1971 1381 2036 si

292 2071 386 2155 qnid,
409 2069 501 2154 qnod
525 2069 662 2152 fulgeat,
683 2071 834 2154 religetur
856 2075 890 2137 in
913 2074 993 2138 meli
1012 2073 1195 2149 cacumine,
1214 2071 1381 2155 paulatim

293 2171 491 2236 descendere
526 2171 688 2248 videatur,
725 2178 760 2237 et
787 2177 955 2255 postremo
991 2173 1183 2237 occultetur.
1227 2173 1381 2256 Denique

294 2272 461 2351 Oceanus,
479 2291 579 2356 quem
599 2272 740 2337 latemus
761 2273 923 2352 ultimum,
939 2292 1084 2357 quanam
1107 2273 1173 2338 ulia
1194 2271 1302 2354 ligura
1323 2292 1381 2337 co·

293 2375 439 2451 baereret,
465 2379 564 2458 atque
594 2393 658 2438 non
680 2373 856 2454 decideret,
880 2376 972 2440 nullo
996 2377 1080 2440 ultre
1107 2373 1251 2458 margine
1275 2373 1381 2438 inclu-

295 2473 444 2539 dentels
484 2474 598 2557 Ipsum
622 2473 656 2538 id
680 2474 722 2539 ud
748 2475 943 2541 miraculum
969 2473 1078 2554 redit,⁸
1100 2493 1243 2558 quonum
1267 2475 1382 2556 modo,

319 2683 549 2748 menedemos,
571 2685 593 2735 ss'
616 2693 680 2736 tenu
698 2689 769 2750 ptcsru
783 2687 859 2747 seret,
881 2689 958 2739 nullm
979 2691 1086 2742 ultimum
1102 2691 1176 2740 meris
1197 2706 1282 2756 uqsue
1300 2705 1381 2753 storga

294 2749 390 2798 littereue
399 2751 522 2799 seduceret.

743 2843 924 2867 0000000000οΟ

295 2957 381 3018 potius
399 2963 534 3018 cogerent,
546 2972 622 3022 quesn
634 2957 797 3009 minuerent.’
813 2961 969 3011 Bustica-⁵
986 2962 1052 3013 cod.
1070 2963 1164 3013 Dslee.
1183 2968 1211 3012 et
1229 2962 1381 3026 Sabellicus,

294 3021 454 3070 meminerit
469 3021 553 3070 Tolet.
573 3029 602 3071 et
619 3021 743 3072 Selmeut.
756 3039 799 3088 ep·
816 3025 932 3074 Pintisn.
946 3027 1072 3076 residente.
1105 3027 1285 3090 brtecsmptus
1298 3035 1382 3077 tesseu

295 3089 323 3130 et
334 3081 472 3131 Gronum
489 3084 576 3132 codice
587 3085 670 3133 Tolet.
683 3087 777 3148 citent,
793 3089 957 3152 mollitiemque
971 3091 996 3138 iss
1012 3107 1037 3140 se
1051 3091 1244 3140 residentem-t
1263 3092 1324 3140 Vct.
1340 3107 1382 3154 sp.

294 3144 384 3196 belec.
395 3146 511 3197 eminente
522 3147 589 3206 iufra
601 3148 794 3200 dilabentem-8
810 3145 894 3203 chiffl.
906 3153 935 3200 le
947 3153 973 3203 id
986 3158 1062 3218 ipsese
1072 3157 1102 3204 ud
1117 3153 1253 3204 miraturus
1269 3155 1381 3205 rediit.-

780 3303 890 3356 NOTAE

326 3409 339 3443 '¹
356 3412 463 3476 Namque
470 3414 506 3477 et]
523 3415 650 3477 Guttula,
659 3417 753 3482 inquit.
764 3417 818 3467 ubl·
857 3421 937 3470 moles
956 3423 1048 3486 exigue
1059 3429 1117 3473 est:
1135 3437 1193 3486 qum
1211 3422 1232 3471 si
1250 3421 1383 3482 increscit,

296 3501 345 3550 que
357 3488 528 3538 retundantur
539 3490 565 3538 iu
577 3492 664 3542 orbem
677 3510 683 3538 ι
700 3495 780 3557 igitur
791 3501 819 3544 et
858 3501 911 3545 tum
924 3497 1110 3548 esotnndltete
1119 3497 1250 3557 desciscit,
1260 3496 1383 3560 protube-

295 3567 351 3610 tots
360 3575 426 3626 sque
438 3563 474 3612 its
483 3577 511 3612 ee
522 3566 670 3630 conglobet.
702 3571 818 3634 Sequm
858 3579 947 3635 estque
969 3572 994 3620 iu
1015 3573 1115 3622 lutere:
1146 3585 1177 3621 ec
1201 3578 1253 3621 tuns
1281 3571 1384 3620 denum

296 3641 338 3685 tur
349 3638 416 3686 enim
428 3645 515 3701 pestes
526 3639 633 3703 singule
645 3650 761 3692 asturem
779 3652 817 3694 to·
858 3645 994 3708 rumpitur,
1007 3645 1156 3710 ellluitquer
1174 3645 1244 3710 quod
1257 3647 1335 3696 etism
1354 3645 1383 3695 tit

295 3711 354 3762 tius.
386 3713 480 3762 Verum
493 3715 562 3778 qnod
574 3719 680 3778 guttule
692 3718 817 3782 disperses
858 3731 890 3766 ex
902 3721 1062 3784 appositione
1071 3720 1304 3782 alterinsbnusosis‚
1312 3721 1383 3784 eujus

295 3783 473 3848 globositatem
491 3792 622 3852 tueantur,
641 3789 666 3839 ld
685 3805 735 3842 non
752 3795 820 3843 scol·
858 3798 1011 3858 corpusculs
1029 3796 1158 3861 prioribus
1179 3810 1256 3859 nese,
1271 3795 1383 3860 illsper-

295 3859 357 3910 dere
376 3869 481 3911 saturno
497 3875 529 3909 ex
546 3859 711 3915 effectctione
728 3865 818 3932 figure
859 3869 971 3934 trebuut,
991 3872 1261 3936 contiuuatiouemque
1283 3873 1384 3922 ebrum·

295 3936 384 3992 totius,
400 3936 446 3988 sed
466 3949 499 3984 ex
519 3938 636 4001 eoquod
655 3953 738 4005 eques
762 3956 819 3992 cos·
859 3951 932 4008 punt.
965 3945 1030 3996 ileo
1040 3944 1121 3997 insius
1132 3946 1282 3997 Gesreudrrs
1293 3947 1338 3997 lib.
1349 3947 1384 3996 de

295 4015 403 4074 puscuts
414 4013 466 4063 suis
484 4027 540 4064 rese
561 4023 648 4066 mutuo
662 4018 770 4068 tremulis
781 4019 818 4068 te·
860 4019 943 4068 Globu
952 4021 1060 4070 telluris.
1076 4023 1113 4071 Ee
1123 4029 1195 4070 certe
1204 4023 1271 4071 ratio
1281 4021 1387 4071 uidetur

295 4094 390 4137 neents
406 4096 433 4138 et
454 4089 521 4152 quud
541 4090 620 4140 veluti
638 4091 749 4142 medium
768 4093 819 4145 fec·
860 4107 916 4144 esse
933 4108 978 4144 cur
990 4097 1016 4144 iu
1031 4097 1128 4159 poculis
1140 4099 1258 4159 repletis,
1276 4099 1313 4146 nti
1325 4109 1384 4147 usos

296 4165 350 4207 tum
363 4170 402 4211 est
413 4163 438 4209 ln
447 4169 531 4226 gutte,
541 4169 751 4218 concatenatione
761 4183 820 4233 qus·
860 4169 971 4226 dicetur,
989 4171 1080 4222 addito
1097 4173 1202 4223 humore
1222 4171 1386 4224 circumfluat

297 4229 354 4280 deur
374 4235 567 4287 circumstentie
586 4241 727 4306 continent,
738 4243 820 4294 donec
861 4243 929 4308 quod
945 4247 1068 4310 supersit,
1078 4261 1127 4298 uon
1139 4248 1202 4298 item
1213 4248 1328 4299 denariis
1343 4249 1388 4297 sd-
