3006 4874
245 363 308 432 128
584 381 633 430 ur
655 381 690 430 c.
712 379 833 428 rururr
857 377 996 430 ruram

246 539 403 612 tauquam
416 526 575 592 inventori
591 525 773 606 imperante
788 521 934 599 Neroua,
949 536 1024 588 cnm
1033 522 1079 586 ab
1093 522 1252 589 omnibus
1265 543 1333 590 me·

245 631 332 694 dicis
347 627 546 702 ascribatur,
560 642 602 688 eo
618 624 837 707 posteriorem
849 621 955 688 samse
967 621 1201 688 Dioscoridern
1217 627 1333 690 certis·

244 732 330 794 simo
338 732 528 808 argumento
541 724 684 789 convicti
695 729 734 787 ut
747 723 923 802 fateantur,
933 742 1073 788 necesse
1087 731 1151 790 est.
1175 726 1210 790 N
1211 745 1334 810 amque

246 832 290 895 ab
316 830 411 894 obitu
434 827 587 903 Nemnis,
602 843 670 908 quo
694 823 900 900 dominante,
922 824 1120 895 Naturalem
1142 823 1332 892 Historiam

242 931 374 996 Plinius
386 929 563 1004 scribebat,
576 926 673 990 anuis
688 929 766 1008 post
783 923 832 988 Μ.
844 922 980 991 Antonii
994 925 1182 1008 imperium,
1196 928 1333 1010 qnando

244 1029 463 1095 Dioscorides
478 1027 592 1094 Snidae
607 1026 726 1102 floruit,
740 1031 876 1090 cautum
889 1025 931 1089 de
946 1023 1092 1090 Materia
1106 1026 1242 1094 Medica
1257 1035 1334 1112 post

244 1132 389 1196 Plinium
411 1130 601 1212 scripsisse,
615 1145 677 1191 nec
693 1127 747 1190 vel
767 1127 856 1191 huuc
878 1145 953 1190 eum
973 1145 1058 1205 esse,
1071 1127 1169 1211 cujus
1184 1131 1333 1194 meminit

246 1233 383 1308 Saidas,
399 1230 451 1294 vel
466 1229 579 1294 Plinio
594 1229 814 1311 antiquiorem
827 1227 980 1292 extitisse
994 1228 1144 1308 cogimru
1162 1229 1333 1295 affirmare.

246 1331 378 1411 Quibus
393 1330 428 1394 id
447 1349 579 1413 quoque
599 1327 730 1393 accedit
744 1326 788 1392 ad
810 1329 981 1410 utriusque
998 1326 1213 1394 Dioscuridis
1228 1331 1332 1394 diver·

244 1433 376 1497 ritatem
391 1429 665 1514 patefaciendam,
680 1428 770 1511 quod
786 1448 882 1493 suurn
900 1428 1144 1495 Dioscoridern'
1155 1431 1281 1496 Suidas
1296 1432 1331 1496 iu

246 1533 401 1615 operibus
415 1532 458 1596 ab
472 1550 513 1595 eo
528 1530 724 1612 compositis
739 1549 761 1594 a
776 1530 905 1596 Nostro
920 1529 1109 1613 distinguat,
1125 1551 1224 1615 quern
1236 1532 1332 1614 quin·

245 1652 311 1716 quc
325 1632 368 1697 de
384 1632 527 1697 Materia
542 1629 678 1694 Medica
696 1630 801 1694 libros
814 1649 856 1696 ac
873 1636 1006 1697 sextum
1020 1631 1062 1696 de
1076 1633 1211 1698 venenis
1226 1635 1331 1716 scrip·

246 1735 332 1797 sisse
343 1737 487 1810 constat,
502 1732 613 1815 plures
626 1730 773 1796 edidisse
786 1749 853 1794 non
868 1737 1010 1810 constat,
1023 1751 1085 1796 nec
1096 1733 1154 1817 qui
1165 1734 1279 1818 plures
1289 1735 1332 1798 ab

246 1855 287 1898 eo
312 1834 421 1898 editos
444 1832 569 1915 legerit,
591 1831 683 1916 qnod
707 1851 768 1912 ego
790 1833 908 1910 sciam,
928 1834 1106 1917 quisquam
1129 1841 1201 1902 est:
1234 1855 1331 1901 suum

247 1934 372 1998 Suidas
396 1934 502 1998 libros
531 1947 640 1996 xxiv.
663 1931 706 1996 de
726 1931 781 1996 Re
803 1929 942 1998 Medica
956 1934 1090 2017 scriptis
1115 1936 1330 2018 consignasse

246 2034 405 2117 prodidit,
418 2033 621 2117 eundemque
632 2039 851 2116 cognomento
862 2033 1011 2100 Pbacam
1023 2036 1225 2119 appellatum
1236 2057 1331 2117 esse3

245 2153 322 2198 cum
337 2134 459 2200 Noster
471 2134 543 2198 sive
558 2135 765 2211 Erotianum,
778 2134 849 2198 sive
864 2133 1030 2200 Galenum
1045 2137 1143 2218 sequi
1157 2137 1331 2219 placuerit,

246 2236 378 2301 Pbacas
392 2255 464 2300 esse
474 2254 542 2298 non
555 2236 712 2318 potuerit.
746 2235 782 2299 N
784 2255 849 2312 am,
864 2243 902 2300 ut
915 2237 951 2300 iu
965 2236 1233 2320 precedentibus
1250 2255 1329 2320 quo·

246 2355 313 2420 que
327 2335 485 2413 diximus,
501 2336 701 2418 simplicium
721 2334 1034 2400 medicamentomm
1057 2335 1207 2402 bistorioe
1226 2338 1334 2420 scrip·¹

247 2444 350 2502 torem
367 2437 543 2500 Erotianus
558 2436 750 2519 simpliciter
765 2435 996 2502 Dioscoridem
1012 2437 1160 2521 appellat
1179 2439 1214 2501 iu
1229 2439 1331 2502 verbo

249 2536 388 2622 Καμείρῳ,
403 2534 550 2600 Phacum
573 2553 660 2612 eum,
682 2536 742 2619 qni
761 2534 803 2599 de
827 2536 939 2603 verbis
963 2537 1183 2620 Hippocratis
1203 2543 1329 2620 septam

245 2637 343 2702 libris
355 2638 423 2720 egit
438 2637 472 2700 in
487 2637 648 2720 prooemio
663 2642 697 2700 et
710 2638 820 2700 verbis
837 2635 927 2711 caval
940 2643 1134 2713 κατιιλοῦσαι,
1150 2637 1210 2702 sed
1230 2637 1330 2702 Gale·

246 2755 311 2802 nus
325 2739 362 2801 in
376 2736 571 2820 pretatione
585 2734 628 2799 ad
649 2736 872 2819 Hippocratis
887 2740 1059 2802 verborum
1072 2738 1330 2820 explicationem

247 2837 480 2921 Heropbilinm
495 2836 729 2902 Dioscoridem
745 2835 893 2902 Phacarn
910 2857 986 2902 esse
1000 2839 1264 2920 cognominatum
1278 2861 1330 2904 as·

246 2937 337 3014 serit,
356 2957 453 3020 quem
477 2937 587 3019 patria
601 2935 868 3002 Alexandrinum
883 2938 1038 3002 extitisse
1063 2939 1097 3002 iu
1112 2958 1198 3004 voce
1221 2939 1331 3004 'labala

246 3036 377 3100 videtur
390 3037 610 3113 existimasse,
619 3056 639 3100 a
647 3036 795 3118 juniore,
806 3044 839 3102 et
847 3037 1047 3103 Anazarbeo
1056 3038 1323 3126 diversum,quos

245 3138 281 3200 in
296 3135 489 3218 praefatione
508 3137 552 3201 ab
575 3135 776 3220 Heropbilio
798 3137 1004 3204 distinxerat.
1047 3139 1070 3204 J
1073 3159 1126 3204 am
1144 3159 1224 3205 vero
1240 3139 1329 3206 Ana·

244 3237 393 3314 uerbum,
408 3235 495 3300 unde
511 3235 722 3301 Annambeus
743 3238 960 3305 Dioscorides
977 3239 1087 3304 dictus
1103 3247 1166 3319 est,
1181 3243 1224 3306 ab
1239 3241 1329 3324 ejus·

245 3337 322 3402 dem
336 3337 479 3400 nominis
494 3342 630 3402 auctore
650 3338 765 3402 urbem
781 3337 913 3404 Ciliciae
935 3341 1060 3405 dictam
1075 3359 1152 3406 esse
1167 3337 1263 3406 testis
1278 3348 1330 3406 est

243 3435 443 3502 Ammianus
455 3435 672 3502 Marcellinus
688 3437 745 3502 lib.
759 3453 841 3502 xrv.
853 3459 977 3504 necnon
995 3440 1194 3504 Hermolaus
1210 3441 1329 3506 Gram-

245 3537 387 3601 maticus
403 3535 803 3621 constantinopolitanus,
817 3541 875 3622 qui
889 3541 1050 3624 Stephani
1072 3541 1227 3624 Byzantii
1240 3562 1329 3626 opus

244 3635 288 3699 de
304 3637 452 3702 Urbibus
467 3638 500 3701 in
514 3638 683 3721 epitomen
697 3641 832 3722 redegit,
847 3659 922 3705 cnm
938 3641 996 3718 ait,
1008 3642 1052 3704 ab
1069 3641 1200 3706 Auarba
1215 3643 1329 3707 condi·

245 3741 319 3800 tore
342 3735 553 3802 Anuambum
580 3737 709 3804 Ciliciae
735 3741 853 3805 urbem
878 3759 998 3807 nomen
1022 3741 1161 3805 inditum
1184 3762 1273 3823 esse,
1294 3749 1329 3808 et

244 3837 337 3900 eires
358 3836 573 3900 Anazarbeos
592 3841 792 3922 appellatos,
813 3841 890 3906 inde
911 3841 1145 3908 Dioscoridem
1167 3844 1326 3909 medicum
1357 3843 1360 3852 ⁴

245 3937 406 4020 insignem
420 3935 650 4022 Anazarbeum
664 3939 770 4004 tuisse
789 3949 1030 4026 nuncupatum.
1075 3941 1229 4007 Ceterum
1251 3945 1327 4010 Sui-

245 4036 309 4100 das
325 4037 534 4102 Anazarbum
548 4037 662 4104 urbem
678 4039 804 4106 Ciliciae
820 4043 898 4107 olinr
913 4042 1090 4125 Gyindarn,
1104 4063 1182 4108 mox
1194 4043 1326 4110 Diocae-

245 4153 374 4201 sarcam
391 4145 540 4206 vocatam
556 4160 578 4206 a
592 4147 686 4207 terrra
705 4147 796 4207 motu
818 4163 969 4212 eversam
986 4141 1087 4224 jussu
1112 4143 1234 4210 Nervae
1256 4147 1326 4212 Ro·
