3016 4876
241 393 286 458 72
578 403 626 452 or
649 403 682 454 o.
705 401 822 452 rcrnn
847 401 989 452 rnrnra

243 556 308 614 ‘ex
322 566 390 632 qua
403 547 488 612 liunt
499 545 638 629 pretiosi
652 551 793 626 tapetes,
804 564 966 628 gausapa,
979 550 1012 609 et
1023 543 1090 610 alia
1099 543 1132 608 id
1145 563 1262 624 genus,
1271 545 1324 608 val

243 659 383 735 utraque
405 649 503 712 unica
524 645 697 729 superficie
718 645 861 710 villoso?
904 647 1034 715 Eadem
1047 647 1214 710 ratione'a
1229 645 1326 708 livio

243 752 370 816 dicturo
394 760 447 814 ast
467 749 552 812 libro
574 748 617 810 ab
639 747 683 812 U.
698 746 737 811 C.
755 763 866 812 xnrn.
890 748 1130 828 ‘interrogatos
1156 766 1177 810 a
1199 746 1325 810 Senatu

244 851 490 935 Aquileienses,
503 847 669 912 vellentne
684 867 759 912 earn
773 867 842 914 rem
858 847 896 914 Ο.
907 847 1028 912 Cassio
1039 845 1129 912 Cos!
1142 847 1197 911 cni
1213 845 1326 910 Gallia

245 961 334 1018 sorte
353 952 542 1027 obvenerat,
568 952 730 1029 mandari,
753 953 1005 1036 ‘respondisse
1025 950 1179 1014 Cassium
1202 948 1326 1012 indicto

245 1053 435 1137 Aquileiam
457 1052 603 1116 exercitu
627 1052 811 1134 proiectam
832 1071 893 1135 per
914 1053 1084 1135 illyricum
1106 1051 1141 1112 iu
1164 1048 1327 1112 Macedo-

244 1156 331 1218 niam
346 1152 443 1218 esse!
486 1153 553 1217 His
568 1155 691 1217 sactum
705 1160 766 1229 est,
782 1161 817 1218 nt
832 1153 1040 1237 Pomponius
1056 1150 1150 1214 Mola
1162 1150 1204 1214 de
1217 1149 1327 1213 Vene-

246 1255 290 1319 tis
304 1255 451 1318 scribens
460 1254 520 1317 bos
530 1254 561 1316 io
570 1251 685 1318 Gallia
694 1253 828 1335 Togata
836 1241 924 1317 libro
932 1251 1079 1316 secundo
1089 1249 1326 1328 collocaverit3

245 1373 431 1437 quanquam
441 1361 519 1435 post
530 1353 729 1434 Augustam,
746 1362 822 1418 ante
837 1353 992 1430 Plinium,
1002 1352 1044 1415 de
1055 1353 1121 1414 situ
1137 1351 1227 1414 orbis
1242 1368 1328 1434 opus

247 1455 290 1518 ab
305 1473 345 1518 eo
354 1453 523 1517 conditum
538 1460 676 1518 constet.
720 1453 787 1518 Sed
797 1473 911 1518 vereor
920 1473 974 1517 me
990 1451 1098 1528 vobis,
1114 1452 1244 1527 Patres,
1257 1457 1326 1514 tam

245 1555 360 1619 multis
371 1573 439 1618 rem
450 1561 598 1635 apertam
613 1562 836 1636 persecutum,
848 1555 1023 1618 molestum
1037 1553 1204 1632 evasisse;
1226 1569 1328 1634 quare

246 1655 404 1720 transfero
419 1672 471 1718 me
485 1654 528 1717 ad
539 1660 763 1736 argumentum
775 1654 918 1718 Panthei
932 1673 976 1718 ex
990 1653 1116 1717 familia
1131 1652 1328 1725 desomtnrn,

247 1757 302 1820 cui
316 1755 492 1838 plurimum
506 1755 541 1818 in
555 1754 617 1818 hac
630 1773 732 1818 cansa
745 1755 803 1818 ille
819 1752 1021 1830 confidebat,
1037 1771 1079 1816 eo
1095 1751 1240 1816 Plinium
1254 1769 1328 1814 esse

246 1856 475 1920 veronensem
494 1862 753 1934 argumentatus,
768 1856 849 1938 quia
871 1853 1042 1918 Secundus
1067 1858 1166 1928 esset,
1188 1869 1328 1934 qnorum

245 1956 403 2021 familiam
420 1955 645 2018 Verouaeesse
660 1955 981 2018 comminiscebatur.
997 1955 1065 2018 Sed
1076 1953 1269 2018 outnnllum
1280 1970 1330 2015 ar·

246 2063 430 2140 gumentum
440 2059 567 2132 estant
579 2055 609 2117 si
624 2054 750 2137 aliquid
761 2063 824 2131 est,
836 2055 968 2118 Plinius
978 2062 1088 2119 noster
1098 2059 1161 2118 est.
1179 2051 1330 2117 Obscura

246 2157 379 2239 loquor,
386 2155 496 2220 dicam
503 2156 659 2238 apertius.
667 2155 704 2218 Si
714 2153 838 2218 idcirco
846 2155 1174 2220 PliniusVeronensis
1183 2151 1331 2237 estquis

247 2257 868 2340 Secundommsemiliaqnaanollaest,
880 2255 1022 2322 Veronae
1032 2257 1110 2320 olim
1121 2256 1331 2332 extiteritcx

247 2356 573 2441 quaPliniusesset3
589 2358 692 2422 multo
708 2357 1086 2421 rationabiliusaundem
1096 2375 1157 2438 ego
1169 2355 1329 2422 Novoco-

245 2477 388 2524 mensem
403 2459 507 2522 fnisse
520 2458 696 2536 concludo,
712 2459 794 2541 qnia
809 2459 988 2522 Pliniorum
1003 2459 1132 2522 familia
1146 2457 1242 2522 Comi
1257 2457 1330 2538 plu·

246 2560 330 2622 iimo
343 2559 451 2635 fuerit,
462 2577 624 2640 nusquam
640 2559 733 2635 alibi,
744 2567 965 2642 praeterquam
977 2557 1132 2636 Veronoe,
1141 2559 1256 2621 nescio
1272 2575 1331 2620 cu-

241 2659 300 2743 jus
330 2659 420 2722 illius
442 2659 568 2740 lapidis
591 2661 810 2723 assentatoris
831 2660 1034 2735 testimonio,
1050 2660 1108 2740 qui
1129 2659 1254 2733 literas,
1273 2657 1330 2739 qni

248 2758 406 2844 syllabas,
418 2759 474 2840 qni
484 2759 586 2822 verba
595 2757 638 2822 ad
647 2777 780 2822 sensnm
789 2766 824 2822 et
833 2759 1035 2822 volontatem
1046 2757 1198 2835 Panthei,
1207 2765 1242 2821 et
1250 2758 1331 2820 ulio·

246 2878 317 2922 rum
327 2858 531 2941 quorundam
543 2877 586 2921 ex
598 2879 635 2922 se
651 2867 793 2942 promat,
810 2867 843 2924 et
854 2859 999 2941 proferat
1012 2863 1167 2942 tanquam
1182 2876 1327 2922 exores.

247 2959 385 3024 Nullam
400 2979 498 3041 porro
521 2959 746 3024 secundorum
762 2980 837 3024 esse
852 2961 1022 3038 tamiliam,
1045 2960 1227 3024 Pliniornm
1242 2977 1327 3036 esse,

247 3056 449 3123 Benedictus
461 3057 760 3135 lovins,·Andreas
776 3059 942 3136 Alciatus,
962 3060 1155 3124 Franciscns
1174 3067 1278 3142 puter,
1295 3069 1330 3124 et

246 3158 394 3223 'lbomas
409 3159 624 3236 Porcacbius,
642 3167 674 3222 et
689 3161 898 3243 antiquorum
914 3161 1109 3242 scriptorum
1124 3159 1330 3224 auctoritati·

246 3262 310 3324 bus
326 3260 509 3342 productis,
523 3269 558 3324 et
573 3262 754 3326 verissimis
774 3262 967 3339 rationibus,
983 3261 1113 3325 abunde
1126 3261 1332 3325 demonstra·

247 3367 339 3424 runt:
359 3361 480 3442 quibus
494 3362 525 3424 si
540 3363 616 3443 quis
636 3361 720 3425 nolit
733 3363 874 3439 credere,
898 3380 1087 3445 quanquam
1107 3362 1169 3425 bac
1184 3363 1217 3424 in
1233 3381 1267 3425 re
1277 3379 1334 3425 su·

247 3461 352 3543 specti
364 3478 440 3540 esse
454 3479 521 3524 uon
535 3462 677 3542 possint,
693 3461 792 3527 adeat
802 3463 1000 3526 Panviniom
1010 3463 1235 3526 Veronensum
1247 3463 1280 3527 in
1292 3462 1333 3526 li·

246 3562 305 3624 bro
318 3561 359 3624 de
365 3561 512 3644 antiquis
524 3561 750 3626 Romanorum
763 3563 961 3640 nominibus,
972 3561 1132 3626 adversos
1147 3561 1332 3626 Pantheum

247 3661 477 3744 apertissimis,
493 3661 699 3736 certissimis,
715 3663 974 3744 firmissimisque
989 3663 1174 3726 rationibus
1185 3681 1332 3744 pronun·

245 3761 396 3824 tiantem.
441 3759 512 3840 Ego
526 3761 622 3838 enim,
637 3780 714 3824 cnm
727 3761 813 3839 haec,
833 3771 901 3825 tum
921 3769 1044 3837 cetera,
1062 3769 1137 3844 quae
1153 3780 1173 3825 a
1188 3764 1332 3846 scripto·

246 3863 338 3926 ribus
353 3859 506 3942 proxime
518 3860 694 3924 nominatis
708 3863 901 3937 reseruntur,
912 3862 1022 3926 omnia
1034 3862 1118 3926 duxi
1132 3871 1332 3945 praetereun-

246 3962 310 4040 da;
341 3981 406 4024 nno
430 3960 641 4042 antiquorum
665 3960 945 4043 Epigrammatum
971 3959 1177 4043 lapideorum
1203 3965 1333 4044 gravis·

247 4060 334 4125 simo
362 4061 567 4136 testimonio,
597 4058 688 4144 quod
714 4078 811 4123 neruo
842 4059 973 4126 illorum
995 4061 1114 4142 attigit,
1137 4063 1333 4144 opinionem

247 4179 355 4226 meam
369 4159 633 4226 confirmaturus.
679 4159 1095 4242 Hocpraesatus,quodex
1105 4163 1332 4230 tribusuomi-

246 4261 354 4340 uibus,
369 4261 492 4346 quibus
507 4259 652 4326 Romani
671 4260 818 4344 singulos
837 4259 1080 4369 bomiposnolim
1100 4263 1247 4331 invicem
1261 4265 1332 4334 dis·
