3016 4876
275 1000 631 1093 PRAEFATIO
671 1001 769 1094 ιῘΟ.
813 1004 1179 1099 HARDUINI.

525 1305 920 1320 m

176 1531 386 1622 Fssmvun
411 1558 494 1623 ineu
518 1558 664 1641 quidem,
690 1558 751 1622 seu
776 1567 810 1624 et
834 1559 1041 1627 verissimum
1064 1562 1264 1628 eruditorum

175 1657 310 1724 effatum
325 1667 387 1737 ast,
413 1660 449 1724 in
472 1659 664 1724 Plinianum
678 1680 767 1744 opus
782 1660 902 1726 cadere
922 1661 1016 1728 illum
1032 1664 1206 1748 aptissime
1220 1663 1263 1728 de
1316 1737 1322 1748 ,

176 1779 264 1826 nave
278 1781 319 1826 ac
334 1761 468 1826 muliere
483 1757 637 1826 Comici·
652 1763 742 1827 vatis
751 1760 887 1844 jocum:

262 1861 398 1945 Negotii
413 1861 479 1926 sibi
494 1862 551 1944 qui
566 1862 659 1926 volet
673 1863 741 1927 vim
755 1881 885 1946 parare,

262 1961 396 2028 Navem
411 1981 452 2028 ac
467 1963 649 2041 mulierem,
664 1964 737 2028 haec
753 1964 823 2028 dno
838 1972 1038 2050 comparato.

177 2089 180 2097 *
263 2061 353 2127 Nam
368 2063 467 2128 nullan
482 2064 589 2146 magis
605 2081 659 2128 res
673 2063 749 2130 due
762 2064 840 2148 plus
854 2067 980 2150 negotii

225 2203 227 2208 ·
261 2163 412 2245 Habent,
427 2164 509 2254 sorta
524 2165 554 2229 si
570 2166 744 2248 occeperis
758 2185 929 2233 exornare.

263 2264 381 2349 Neque
395 2284 541 2348 unquam
555 2266 640 2330 satis
654 2265 708 2332 hae
724 2266 800 2333 dna
816 2286 872 2332 res
888 2273 1053 2332 ornantur.

264 2367 385 2451 Neque
401 2367 469 2433 nlla
483 2367 533 2431 eis
548 2367 687 2432 ornandi
701 2369 784 2434 satis
800 2368 937 2434 satietas
948 2375 1013 2432 est.

177 2469 298 2534 Annon
313 2469 400 2534 enim
416 2468 558 2552 prodigii
573 2469 681 2532 simile
695 2476 759 2548 est,
773 2488 842 2534 rem
857 2473 910 2535 tot
931 2475 1109 2535 tractatam
1122 2469 1209 2535 curis
1223 2489 1264 2535 ac

174 2571 312 2656 vigiliis,
327 2569 611 2654 minimamusque
626 2569 735 2636 adhuc
750 2572 1070 2636 consummationem
1082 2571 1263 2636 habuisset

174 2680 213 2738 ut
226 2669 380 2756 quamvis
391 2671 537 2755 priorum
553 2671 768 2755 interpretum
783 2672 931 2736 nonnulli
945 2677 1068 2736 tersum
1083 2691 1120 2736 se
1134 2679 1170 2738 et
1183 2673 1265 2736 inte-

175 2791 269 2856 grum
284 2772 442 2838 exhibere
466 2771 613 2837 Plinium
634 2771 829 2855 jactitarint,
845 2773 1004 2840 Lucinam
1020 2791 1093 2851 ecs,
1106 2773 1193 2856 quud
1207 2773 1265 2839 ille

176 2875 234 2952 ait,
250 2873 448 2940 inclamasse
471 2873 555 2940 loetu
575 2873 722 2938 nondum
744 2882 908 2958 concepto
931 2881 1071 2940 eventus
1096 2875 1264 2940 edoceat?

174 2975 259 3039 nihil
273 2983 313 3042 ut
327 2975 370 3040 ad
384 2975 472 3040 hunc
499 2975 588 3040 diem
607 2993 709 3058 opere
732 2976 791 3041 illo
808 2975 1036 3061 depravatius,
1061 2976 1143 3064 nihil
1157 2976 1266 3060 inqui·

175 3078 290 3142 natiue
303 3079 338 3142 in
353 3078 461 3142 lucem
474 3076 609 3143 exierit:
631 3078 714 3141 etin
730 3075 887 3143 Pliniano
904 3077 1011 3142 adhuc
1027 3095 1115 3158 amn,

433 3176 591 3261 Interque
607 3177 744 3242 nitentia
759 3178 861 3257 culta,

261 3279 385 3344 Infelix
398 3278 527 3356 lolium,
542 3284 576 3343 et
588 3279 719 3343 steriles
735 3277 943 3344 dominentur
956 3297 1085 3344 avenae.

220 3380 336 3461 Quare
360 3379 505 3444 Pliniani
529 3380 638 3462 operis
661 3378 871 3456 emaculandi
892 3379 1165 3464 explanandique
1190 3397 1266 3464 pro-

175 3483 287 3548 vincia
301 3482 456 3566 deposita
469 3481 537 3546 lere
552 3482 594 3546 ab
608 3479 749 3545 eruditis
762 3488 824 3559 est,
844 3499 985 3565 quorum
1007 3481 1041 3544 iu
1064 3480 1186 3545 animis
1200 3482 1266 3546 sci·

174 3585 256 3650 licet
268 3581 392 3648 insedit
405 3583 537 3666 penitus
558 3601 600 3647 ea
621 3583 807 3665 persuasio,
823 3582 877 3646 uel
901 3587 1167 3666 quantacumque
1191 3581 1267 3646 dili·

174 3686 294 3770 gentia,
309 3686 361 3750 vel
376 3704 476 3768 quam
499 3683 697 3766 longissimo
712 3703 799 3761 aevo,
820 3684 873 3748 vel
888 3702 990 3766 quarn
1004 3682 1167 3749 diuturnis
1184 3685 1266 3768 vigl-

174 3789 241 3867 liis,
265 3786 433 3852 exhauriri
448 3785 508 3850 rix
521 3805 668 3869 unquam
683 3787 769 3851 hunc
783 3786 929 3850 laborem
945 3803 1058 3869 posse.

219 3887 296 3954 Nos
310 3888 422 3970 igitur,
438 3889 467 3952 si
482 3887 575 3971 qucd
591 3890 783 3953 ambustum
797 3886 973 3965 hactenus,
988 3894 1153 3964 truncum,
1169 3888 1267 3955 muti-

174 3993 312 4073 lumque
326 3989 450 4066 extitit,
465 4008 550 4053 nunc
565 3988 601 4053 id
614 3993 734 4054 tersum
750 4008 836 4073 opus
849 3989 938 4054 omui
953 3992 1107 4071 exparte
1130 4004 1171 4051 uc
1191 3988 1267 4052 niti·

174 4096 265 4173 dum,
280 4097 381 4176 atque
395 4092 577 4174 integritati
591 4111 663 4158 sum
679 4097 756 4176 pust
771 4099 821 4158 tot
834 4091 972 4168 saecula,
995 4094 1072 4173 post
1092 4094 1142 4154 tut
1156 4091 1267 4156 erudi·
1338 4155 1343 4176 ,

581 4271 593 4298 ⁸
609 4265 694 4316 Plant.
706 4265 732 4315 iu
743 4265 860 4315 Poeuulu.
