3016 4876
262 381 304 446 ta
605 394 653 442 mr
676 395 706 442 o.
732 392 848 442 rtrum
873 393 1012 441 aarum

260 542 372 606 Venio
392 541 435 605 ad
451 541 662 624 Calpurnium
683 543 902 622 Quadratum,
923 539 1113 623 Calpurniae
1133 540 1259 606 Priscae
1282 559 1342 624 pa-

260 649 350 718 trem,
376 661 471 724 quern
490 661 565 705 aum
589 661 664 706 esse
688 643 743 707 cui
767 643 896 706 Plinius
920 641 1039 706 Junior
1063 643 1236 707 nonnullas
1263 641 1341 724 Epi-

261 745 365 810 stolas
380 744 508 807 dederit
534 744 633 806 simili
659 763 735 808 cum
761 743 929 825 prioribus
955 752 1145 824 argumento
1171 742 1341 808 Pentheus

261 843 447 923 coutendit3
466 863 564 927 quem
579 844 658 908 licet
674 863 793 908 aversa
807 843 1019 907 fundamenta
1040 843 1172 908 abunde
1189 845 1341 928 redargu·

261 953 330 1021 aut,
353 952 462 1009 tamen
482 944 594 1026 placet
612 944 687 1008 aliis
712 945 815 1008 etiam
836 944 1024 1007 nominibus
1047 946 1264 1010 inconsultam
1283 948 1341 1011 bo-

261 1047 357 1110 minis
386 1047 448 1110 hoe
475 1028 552 1110 loeo
581 1043 1079 1127 patefaceredeliberationem.
1122 1045 1275 1129 Namque
1310 1050 1341 1112 is

261 1146 466 1225 Quadratus,
482 1166 580 1230 quem
595 1145 726 1210 Plinius
741 1146 774 1209 iu
791 1143 1193 1227 Epistolisuominat,nou
1205 1146 1340 1212 estGal-

260 1249 412 1330 purnius,
423 1248 480 1312 sed
492 1247 642 1323 Cassius,
651 1265 695 1309 ex
708 1245 831 1324 Plinio,
840 1246 923 1310 libro
932 1249 1076 1329 septimo
1085 1246 1127 1310 ad
1137 1247 1339 1327 Geminium,

260 1367 336 1412 cum
358 1348 488 1412 laetatur
508 1347 666 1423 futurum,
681 1352 718 1411 ut
736 1348 855 1411 domus
874 1348 912 1411 G.
932 1347 1043 1412 Cassii
1064 1348 1197 1414 domino
1220 1351 1341 1416 serviat

259 1469 321 1513 non
337 1451 466 1527 minori,
482 1451 535 1514 cui
550 1449 742 1526 Quadratus
756 1449 929 1532 pristinam
945 1449 1139 1531 dignitatem
1154 1451 1198 1512 sit
1212 1451 1340 1515 restitu-

259 1556 363 1614 turus.
387 1550 531 1614 Addatis
544 1549 748 1627 Quadratum
762 1568 848 1626 eum,
861 1550 1011 1631 adquam
1025 1549 1066 1613 de
1080 1548 1230 1613 Helvidii
1241 1550 1340 1614 ultio·

259 1670 300 1715 ne
315 1650 438 1728 scribit,
453 1671 511 1733 per
525 1658 658 1716 aetatem
674 1651 704 1713 ei
719 1651 878 1715 interesse
894 1669 961 1715 nou
976 1651 1137 1733 potuisse,
1152 1669 1339 1734 quanquam

260 1751 304 1815 ab
318 1753 409 1815 obitu
420 1751 607 1816 Domitiani
618 1751 775 1830 evenerit,
789 1752 823 1815 in
834 1753 954 1834 quade
965 1751 1120 1816 Publicio
1132 1752 1239 1829 Certo,
1251 1751 1339 1816 Vec-

259 1853 296 1916 tii
308 1852 453 1929 Proculi,
466 1854 579 1935 primm
590 1851 690 1916 Plinii
706 1853 820 1915 uxoris
836 1853 959 1930 vitrici,
974 1871 1072 1935 quam
1085 1855 1147 1916 sub
1162 1852 1196 1915 id
1207 1859 1339 1935 tempus

259 1953 435 2026 amisisset,
451 1952 578 2033 collega
593 1959 720 2044 agatur.
763 1951 843 2029 Qua
862 1954 987 2017 ratione
1004 1957 1080 2038 quis
1101 1973 1166 2017 non
1185 1953 1276 2017 videt
1296 1971 1337 2016 ac

257 2054 432 2136 perspicue
445 2053 559 2130 ceruit,
576 2061 645 2116 tum
661 2050 867 2129 Quadratum
882 2053 983 2119 liliam
999 2063 1076 2119 natu
1087 2055 1158 2138 jam
1181 2055 1337 2138 mandem

258 2160 292 2217 et
306 2154 453 2218 adultam
468 2154 588 2218 habere
608 2173 673 2218 uon
695 2155 859 2235 potuisse,
880 2155 922 2218 ad
946 2174 1046 2237 quam
1071 2157 1142 2218 sive
1168 2155 1338 2219 consobri-

258 2274 343 2331 nam,
357 2257 429 2319 sive
446 2274 594 2332 uxorem,
604 2255 675 2339 jam
692 2275 799 2319 senex
808 2256 935 2320 Plinius
950 2255 1065 2319 literas
1080 2257 1207 2319 similes
1219 2256 1337 2320 darell

257 2375 332 2420 cum
347 2376 382 2420 re
398 2357 441 2421 ad
464 2358 681 2438 interregnum
697 2356 741 2420 ob
763 2356 928 2420 sublatum
946 2355 1170 2420 Domitianum
1185 2354 1338 2432 adducta,

256 2476 369 2521 recens
393 2457 500 2520 adhuc
525 2457 634 2520 luctus
657 2475 701 2520 ex
724 2457 837 2538 primae
861 2456 976 2520 uxoris
997 2457 1128 2520 interitu
1152 2456 1242 2520 domi
1261 2475 1336 2520 eum

255 2558 445 2635 contineret,
468 2566 505 2621 ut
528 2559 571 2621 ab
590 2559 680 2622 omui
697 2557 913 2622 similitudine
929 2559 997 2620 veri
1011 2557 1201 2638 longissime
1216 2557 1336 2622 abessa

256 2658 419 2735 videatur,
434 2659 560 2724 tamdiu
585 2678 719 2724 uxorem
745 2658 882 2724 alteram
905 2659 1024 2722 ducere
1039 2657 1216 2735 distulisse,
1230 2657 1337 2722 donec

257 2757 450 2836 Quadratus
464 2759 567 2823 liliam
578 2759 697 2824 habere
712 2760 858 2824 nubilem
869 2760 1013 2841 potuerit
1022 2759 1236 2841 Calpurniam
1248 2759 1338 2823 Pris-

255 2877 342 2923 cam.
387 2859 496 2924 Pudet
510 2879 562 2924 me
583 2861 616 2924 in
638 2879 673 2924 re
694 2861 778 2924 adeo
791 2859 959 2924 manifesta
974 2859 1097 2923 diutius
1112 2860 1289 2938 immorari,
1304 2867 1339 2927 et

255 2959 433 3040 longiorem
456 2961 497 3024 de
520 2979 559 3024 ea
581 2961 764 3025 orationem
785 2961 917 3024 habere.
962 2961 1073 3040 Quare
1093 2959 1205 3025 desino
1217 2961 1337 3040 dicere,

253 3078 356 3142 quam
369 3066 470 3137 recte,
481 3080 556 3140 quea
567 3059 775 3126 adversarius
790 3069 902 3126 noster
915 3061 1111 3139 affirmabat,
1121 3081 1183 3127 nos
1197 3083 1338 3147 negave-

255 3163 367 3235 rimus,
389 3159 538 3224 dicturus
558 3161 629 3244 jam
652 3180 751 3244 qnam
774 3162 833 3225 ille
858 3181 1030 3246 perperam
1056 3165 1233 3244 negaverit,
1259 3185 1335 3249 quae

252 3281 316 3326 nos
326 3260 581 3338 affirmabamus,
598 3262 748 3327 Suetonii
761 3263 906 3327 Plinium
919 3264 1090 3328 Seniorem
1107 3263 1140 3328 N
1142 3283 1337 3331 ovocomen·

255 3383 326 3427 sem
351 3362 503 3428 facientis
532 3363 757 3428 testimouium
781 3364 997 3441 adducentes,
1019 3366 1108 3448 quod
1132 3367 1189 3430 ille
1210 3367 1337 3432 nullum

254 3484 329 3528 csse
345 3467 426 3549 (non
443 3467 551 3530 ausim
574 3463 699 3549 dicero)
717 3467 1013 3544 existimabatur
1034 3468 1121 3531 enim
1145 3466 1185 3532 de
1208 3485 1250 3531 eo
1272 3468 1336 3532 too

254 3567 447 3647 persuaderi
466 3586 616 3649 possum,
640 3577 730 3630 certe
753 3566 927 3631 affirmavit
949 3567 1012 3632 boc
1028 3571 1227 3647 argumento,
1247 3568 1336 3650 quod

254 3685 415 3749 nusquam
441 3687 527 3749 opus
549 3667 591 3730 de
613 3666 805 3731 Illustribus
831 3666 923 3730 Viris
945 3668 1009 3730 sub
1029 3668 1161 3730 nomina
1185 3667 1335 3731 Suetonii

249 3775 420 3850 appareat,
435 3769 622 3850 quasivero
637 3787 749 3832 omues
763 3769 819 3832 ille
842 3769 988 3851 Europae
1004 3769 1141 3849 angulos
1156 3768 1335 3850 perlustra·

253 3868 348 3944 verit,
362 3887 477 3932 omnes
493 3871 637 3933 omnium
658 3868 931 3934 bibliothecarum
946 3870 1051 3932 libros
1067 3868 1199 3944 viderit,
1213 3887 1335 3933 exene-

253 3970 341 4046 serit,
356 3969 528 4047 evolverit,
543 3990 602 4034 nec
612 3972 709 4035 multi
722 3991 800 4036 cum
814 3971 926 4035 Graeci
940 3974 1009 4033 tum
1026 3969 1137 4032 Latini
1154 3971 1334 4051 scriptores

252 4071 402 4150 proxime
417 4073 564 4136 venerint
578 4073 612 4136 in
626 4074 746 4150 lucem,
762 4092 850 4155 quos
865 4079 977 4154 patres
993 4071 1095 4133 nostri
1110 4089 1152 4132 ne
1173 4071 1334 4135 nominari

254 4169 386 4250 quidem
401 4173 627 4240 audivissent:
651 4173 810 4239 videbunt
825 4173 963 4238 sortasse
983 4167 1082 4234 etiam
1098 4173 1232 4250 posteri,
1245 4189 1333 4253 quoa
