3016 4876
453 399 648 450 rnsrnrro
671 400 725 449 ru.
749 401 953 452 nunnurnr.
1197 389 1241 455 28

147 565 290 632 quoque
305 563 401 610 suurn
415 544 636 610 restituimus:
660 550 696 610 ut
715 543 788 626 jam
811 553 845 609 et
869 545 935 629 ipsi
955 547 1012 630 qui
1026 547 1102 624 sint,
1116 552 1240 631 etquae

148 658 250 726 retus,
265 669 342 732 qum
356 646 479 730 putria,
494 665 571 729 quus
587 646 715 728 scriptu
725 645 879 728 deniqne,
890 667 956 712 non
969 649 1082 712 omnia
1092 647 1239 730 quidem,
1347 717 1353 730 ,

148 750 201 828 (id
211 752 297 815 enim
313 768 374 814 nec
390 749 495 813 nostri
510 755 559 812 est
574 748 713 812 instituti
727 752 934 834 pers-equum
947 759 999 814 est
1014 751 1132 814 inliniti
1146 751 1240 815 labo·

148 853 229 934 ris,)
251 852 313 916 sed
327 870 369 914 err
383 851 484 915 modo
500 870 558 934 per
570 869 646 933 quas
661 851 847 934 profecisse
862 852 967 916 videri
983 853 1114 916 Plinius
1130 860 1240 918 noster

151 955 273 1038 possit,
296 952 470 1017 manifesta
494 954 569 1016 sint.
621 951 763 1031 Quoties
787 959 895 1016 autern
920 955 1105 1036 appelletur
1127 973 1238 1019 eorum

150 1057 298 1139 quisque
313 1075 334 1118 a
350 1053 472 1130 Plinio,
486 1073 532 1117 ex
550 1051 663 1116 Indice
680 1055 849 1136 singulari,
862 1074 958 1137 quem
974 1056 1007 1118 in
1021 1055 1116 1120 calce
1128 1056 1238 1138 operis

151 1159 387 1232 subtexemus,
403 1156 492 1218 nullo
506 1154 639 1236 negotio
655 1156 769 1218 statim
785 1156 962 1220 constabit.

194 1257 226 1322 E
239 1256 368 1338 reliquo
383 1273 483 1337 opere
499 1254 614 1318 titulos
629 1273 689 1318 seu
703 1253 859 1318 lemmata
878 1257 1022 1338 capitum
1045 1257 1143 1339 plane
1166 1275 1240 1320 sns-

153 1358 310 1422 tulimus:
327 1365 362 1421 et
373 1355 465 1439 quod
481 1356 628 1420 Plinium
644 1375 687 1419 ea
701 1375 766 1420 non
779 1357 900 1421 babent
916 1364 1094 1434 auctorum,
1105 1365 1140 1422 et
1149 1357 1238 1440 quud

152 1460 233 1524 nibil
256 1459 415 1522 insulsius
441 1459 506 1523 dici
532 1464 591 1521 aut
612 1457 715 1522 videri
742 1464 864 1541 potest,
890 1477 991 1541 quam
1017 1466 1240 1541 praeposterus

153 1559 370 1644 plurimorum
387 1559 575 1622 lemmatum
593 1558 687 1634 situs,
711 1565 748 1622 ut
772 1558 841 1621 suis
856 1558 940 1622 locis
953 1560 1240 1624 commonstraturi

153 1681 281 1726 sumus.
326 1658 418 1738 Quid
444 1657 531 1742 quod
558 1665 591 1723 et
616 1665 749 1742 recepta
773 1659 929 1724 hactenus
955 1661 1099 1742 capitum
1123 1661 1240 1738 sectio,

154 1783 223 1848 qua
236 1767 340 1825 tutum
359 1761 458 1824 Plinii
475 1779 560 1842 opus
583 1759 727 1822 divisum
754 1778 794 1824 ao
818 1759 995 1824 dissectum
1020 1766 1083 1836 est,
1105 1760 1139 1824 in
1158 1762 1241 1826 anti·

153 1864 328 1948 quioribus
343 1861 446 1946 paulo
459 1881 499 1925 ac
513 1861 656 1925 melioris
670 1865 759 1924 notae
774 1859 867 1923 libris
882 1860 973 1924 nulla
986 1869 1036 1924 est
1051 1881 1058 1923 ;
1074 1865 1108 1925 et
1122 1861 1191 1926 alia
1204 1863 1240 1926 in

153 1964 354 2049 pervetustis
379 1963 589 2036 editionibus,
615 1961 888 2044 insequentibus
914 1961 1000 2026 alia:
1032 1963 1064 2026 in
1090 1965 1240 2046 utrisque

153 2085 246 2148 sape
261 2065 362 2146 digna
376 2049 456 2141 risu,
473 2065 528 2128 ubi
544 2064 649 2128 multa
664 2081 835 2145 perperam
851 2063 1013 2128 distracta
1028 2085 1050 2128 a
1065 2065 1241 2147 superiori-

153 2168 229 2244 bus,
252 2167 444 2250 quibuscum
462 2185 502 2230 eu
525 2165 692 2228 cobserere
715 2164 877 2245 oportuit:
901 2164 1110 2247 divulsusque
1133 2185 1240 2248 sarpe-

153 2288 288 2334 numero
299 2267 474 2331 seutentiae
489 2266 637 2345 integrae,
653 2269 749 2346 purte
762 2283 825 2328 sua
840 2265 1041 2345 pruecedenti
1055 2267 1156 2350 capiti
1170 2268 1240 2334 bae·

153 2379 261 2446 reaut,
283 2370 385 2434 altera
398 2368 526 2434 iaciunt
541 2366 775 2449 subsequentis
789 2366 943 2432 initiuml
976 2367 1081 2451 Atqui
1098 2376 1240 2434 veterum

153 2473 352 2555 quicumque
365 2472 471 2536 lectos
486 2489 507 2533 u
521 2489 558 2534 se
580 2468 678 2532 Plinii
701 2468 806 2532 libros
829 2472 1097 2547 commemorant,
1111 2470 1240 2536 Tertul-

153 2576 274 2651 lianus,
302 2574 523 2655 Augustinus,
550 2572 690 2649 Gellius,
719 2573 926 2648 Macrobius,
956 2573 1091 2656 aliique,
1120 2571 1239 2639 librum

153 2677 289 2760 quidem
312 2676 336 2741 ii
358 2675 546 2757 indigitant,
560 2673 820 2756 designantque:
842 2674 998 2737 minutius
1012 2674 1239 2754 capitulorum,

153 2797 264 2842 namo.
309 2777 452 2856 Singulis
466 2778 552 2841 enirn
566 2776 663 2840 libris
678 2776 871 2840 continuata
889 2793 998 2838 rernm
1020 2776 1122 2838 series
1137 2777 1241 2840 conti·

154 2889 262 2958 netur,
285 2881 495 2964 quamobrem
523 2886 557 2942 et
580 2879 718 2942 historia
741 2877 925 2942 vocitatur:
948 2876 998 2939 sic
1025 2883 1062 2938 ut
1087 2877 1161 2941 uliae
1185 2898 1239 2942 res

153 2973 311 3046 nexue'ex
328 2980 416 3058 aliis,
430 2979 627 3044 narrationis
651 2979 737 3042 serie
762 2978 939 3060 copulatae,
961 2980 995 3040 et
1016 2996 1130 3042 omnes
1155 2979 1240 3042 inter

153 3103 191 3147 se
206 3088 294 3166 aptus
310 3081 542 3163 colligutaeqne
561 3082 646 3144 sint:
668 3080 792 3143 nullum
818 3085 853 3144 ut
875 3087 989 3163 puteat
1011 3081 1240 3159 interstitium,

153 3185 288 3248 fallente
302 3183 456 3257 transitu,
477 3187 513 3246 nt
536 3183 570 3244 in
590 3181 814 3245 Historiarum
833 3181 1006 3259 Herodoti,
1019 3181 1241 3265 Thucydidis,

153 3294 189 3350 et
203 3285 291 3349 Liuii
306 3283 411 3346 libris.
455 3281 528 3348 Nos
543 3283 755 3346 nihilomiuus
769 3284 803 3346 in
819 3283 956 3346 totidem
980 3285 1164 3366 particulas
1188 3303 1240 3349 ss-

152 3387 296 3462 cnimus,
318 3403 404 3468 quas
418 3386 587 3449 sectiones
608 3404 682 3448 earn
706 3386 750 3448 ob
775 3402 911 3448 causam
934 3385 1031 3448 libuit
1056 3387 1238 3469 appellare,

151 3495 239 3572 quot
255 3487 401 3568 signatas
415 3487 458 3549 ab
472 3487 547 3568 ipso
563 3485 674 3550 Plinio
689 3487 722 3549 iu
738 3483 853 3548 Indice
870 3485 1048 3566 intelligere
1069 3487 1183 3552 licuit:
1205 3497 1240 3552 et

154 3590 288 3672 priscos
303 3595 411 3652 tamen
425 3607 576 3652 numeros
590 3588 748 3670 cupitum,
769 3588 826 3670 qui
842 3587 930 3650 fuere
944 3587 977 3650 in
993 3605 1057 3652 usu
1072 3588 1239 3671 hactenus,

152 3689 315 3754 asservari
331 3689 364 3752 in
380 3689 525 3769 margine
546 3689 724 3764 voluimus,
746 3693 783 3751 ut
808 3688 910 3751 citutu
931 3688 964 3751 in
988 3688 1083 3752 libris
1098 3689 1140 3753 ad
1155 3691 1239 3758 bunc

154 3790 244 3854 diem
269 3789 368 3853 Plinii
386 3789 463 3853 loca
484 3809 546 3873 per
561 3791 685 3873 cupita,
699 3790 733 3854 in
747 3789 810 3854 hac
826 3808 958 3872 quoque
970 3790 1115 3856 editione
1129 3800 1242 3857 nostru

155 3892 210 3959 vel
229 3892 279 3955 sic
294 3895 478 3956 occurrunt.

201 3991 328 4056 Indicis
354 3991 494 4074 denique
519 3992 610 4054 lacta
635 3990 794 4066 accessio,
822 4009 886 4052 nou
916 3990 1024 4072 qualis
1053 3993 1194 4072 primunr
1219 4013 1241 4057 a

155 4094 290 4158 Joanne
305 4091 457 4156 Gamerte
473 4112 491 4156 e
507 4110 601 4156 sacra
618 4091 784 4156 Minorum
799 4090 927 4156 familia
940 4092 1010 4154 viro
1032 4091 1186 4173 religioso
1208 4100 1241 4158 et

158 4193 299 4270 erudito,
331 4194 548 4258 concinnatus
577 4201 627 4259 cst
655 4194 734 4260 olim
762 4193 903 4258 Viennae
934 4191 1127 4272 Pannoniae‚
1154 4215 1240 4262 anno
