<?xml version="1.0" encoding="UTF-8"?>
<!DOCTYPE html PUBLIC "-//W3C//DTD XHTML 1.0 Transitional//EN"
    "http://www.w3.org/TR/xhtml1/DTD/xhtml1-transitional.dtd">
<html xmlns="http://www.w3.org/1999/xhtml" xml:lang="en" lang="en">
 <head>
  <title>
</title>
<meta http-equiv="Content-Type" content="text/html;charset=utf-8" />
  <meta name='ocr-system' content='tesseract 3.04.00' />
  <meta name='ocr-capabilities' content='ocr_page ocr_carea ocr_par ocr_line ocrx_word'/>
</head>
<body>
  <div class='ocr_page' id='page_1' title='image "./cpliniisecundin09brotgoog_0047.png"; bbox 0 0 3016 4876; ppageno 0'>
   <div class='ocr_carea' id='block_1_1' title="bbox 240 379 984 446">
    <p class='ocr_par' dir='ltr' id='par_1_1' title="bbox 240 379 984 446">
     <span class='ocr_line' id='line_1_1' title="bbox 240 379 984 446; baseline -0.009 0"><span class='ocrx_word' id='word_1_1' title='bbox 240 379 284 446; x_wconf 79' lang='lat'><strong>³4</strong></span> <span class='ocrx_word' id='word_1_2' title='bbox 577 394 624 441; x_wconf 84' lang='lat' dir='ltr'><strong>ou</strong></span> <span class='ocrx_word' id='word_1_3' title='bbox 647 394 679 441; x_wconf 89' lang='lat' dir='ltr'><strong>o.</strong></span> <span class='ocrx_word' id='word_1_4' title='bbox 702 391 984 446; x_wconf 60' lang='lat' dir='ltr'><strong>susurremus</strong></span> 
     </span>
    </p>
   </div>
   <div class='ocr_carea' id='block_1_2' title="bbox 239 533 1325 722">
    <p class='ocr_par' dir='ltr' id='par_1_2' title="bbox 239 533 1325 722">
     <span class='ocr_line' id='line_1_2' title="bbox 241 533 1324 619; baseline -0.006 -16"><span class='ocrx_word' id='word_1_5' title='bbox 241 537 372 614; x_wconf 83' lang='lat' dir='ltr'><strong>Graece,</strong></span> <span class='ocrx_word' id='word_1_6' title='bbox 394 543 428 602; x_wconf 86' lang='lat' dir='ltr'><strong>et</strong></span> <span class='ocrx_word' id='word_1_7' title='bbox 443 536 612 602; x_wconf 79' lang='lat' dir='ltr'><strong>Hebraico</strong></span> <span class='ocrx_word' id='word_1_8' title='bbox 626 537 881 614; x_wconf 83' lang='lat' dir='ltr'><strong>literatissimus,</strong></span> <span class='ocrx_word' id='word_1_9' title='bbox 896 543 996 619; x_wconf 92' lang='lat' dir='ltr'><strong>atque</strong></span> <span class='ocrx_word' id='word_1_10' title='bbox 1009 535 1154 619; x_wconf 71' lang='lat' dir='ltr'><strong>antiques</strong></span> <span class='ocrx_word' id='word_1_11' title='bbox 1168 533 1324 600; x_wconf 86' lang='lat' dir='ltr'><strong>lectionis</strong></span> 
     </span>
     <span class='ocr_line' id='line_1_3' title="bbox 239 629 1325 722; baseline -0.006 -16"><span class='ocrx_word' id='word_1_12' title='bbox 239 641 453 722; x_wconf 75' lang='lat' dir='ltr'><strong>investigator</strong></span> <span class='ocrx_word' id='word_1_13' title='bbox 466 639 748 720; x_wconf 75' lang='lat' dir='ltr'><strong>diligentissimus,</strong></span> <span class='ocrx_word' id='word_1_14' title='bbox 764 643 888 702; x_wconf 90' lang='lat' dir='ltr'><strong>etcum</strong></span> <span class='ocrx_word' id='word_1_15' title='bbox 903 657 943 703; x_wconf 93' lang='lat' dir='ltr'><strong>eo</strong></span> <span class='ocrx_word' id='word_1_16' title='bbox 958 645 1049 720; x_wconf 87' lang='lat' dir='ltr'><strong>pater</strong></span> <span class='ocrx_word' id='word_1_17' title='bbox 1064 655 1155 700; x_wconf 88' lang='lat' dir='ltr'><strong>meus</strong></span> <span class='ocrx_word' id='word_1_18' title='bbox 1172 629 1325 700; x_wconf 75' lang='lat' dir='ltr'><strong>Francis·</strong></span> 
     </span>
    </p>
   </div>
   <div class='ocr_carea' id='block_1_3' title="bbox 231 737 1324 1924">
    <p class='ocr_par' dir='ltr' id='par_1_3' title="bbox 231 737 1324 1924">
     <span class='ocr_line' id='line_1_4' title="bbox 239 737 1323 824; baseline -0.003 -18"><span class='ocrx_word' id='word_1_19' title='bbox 239 761 300 806; x_wconf 91' lang='lat' dir='ltr'><strong>cus</strong></span> <span class='ocrx_word' id='word_1_20' title='bbox 310 743 437 824; x_wconf 79' lang='lat' dir='ltr'><strong>egregie</strong></span> <span class='ocrx_word' id='word_1_21' title='bbox 452 749 563 824; x_wconf 82' lang='lat' dir='ltr'><strong>portes</strong></span> <span class='ocrx_word' id='word_1_22' title='bbox 574 759 652 804; x_wconf 86' lang='lat' dir='ltr'><strong>suas</strong></span> <span class='ocrx_word' id='word_1_23' title='bbox 667 739 870 815; x_wconf 89' lang='lat' dir='ltr'><strong>sustinuere,</strong></span> <span class='ocrx_word' id='word_1_24' title='bbox 884 739 1008 820; x_wconf 88' lang='lat' dir='ltr'><strong>quibus</strong></span> <span class='ocrx_word' id='word_1_25' title='bbox 1020 737 1161 801; x_wconf 88' lang='lat' dir='ltr'><strong>accessit</strong></span> <span class='ocrx_word' id='word_1_26' title='bbox 1175 737 1237 800; x_wconf 84' lang='lat' dir='ltr'><strong>viri</strong></span> <span class='ocrx_word' id='word_1_27' title='bbox 1249 757 1323 819; x_wconf 78' lang='lat' dir='ltr'><strong>gre·</strong></span> 
     </span>
     <span class='ocr_line' id='line_1_5' title="bbox 237 836 1324 918; baseline -0.004 -11"><span class='ocrx_word' id='word_1_28' title='bbox 237 841 379 918; x_wconf 84' lang='lat' dir='ltr'><strong>vissimi,</strong></span> <span class='ocrx_word' id='word_1_29' title='bbox 391 851 426 906; x_wconf 91' lang='lat' dir='ltr'><strong>et</strong></span> <span class='ocrx_word' id='word_1_30' title='bbox 435 841 458 906; x_wconf 86' lang='lat' dir='ltr'>J</span> <span class='ocrx_word' id='word_1_31' title='bbox 461 838 668 906; x_wconf 87' lang='lat' dir='ltr'><strong>urisoonsulti</strong></span> <span class='ocrx_word' id='word_1_32' title='bbox 680 836 885 902; x_wconf 88' lang='lat' dir='ltr'><strong>celeberrimi</strong></span> <span class='ocrx_word' id='word_1_33' title='bbox 895 837 1038 902; x_wconf 72' lang='lat' dir='ltr'><strong>Androm</strong></span> <span class='ocrx_word' id='word_1_34' title='bbox 1049 837 1173 901; x_wconf 78' lang='lat' dir='ltr'><strong>Alciati</strong></span> <span class='ocrx_word' id='word_1_35' title='bbox 1192 837 1324 903; x_wconf 91' lang='lat' dir='ltr'><strong>Medio·</strong></span> 
     </span>
     <span class='ocr_line' id='line_1_6' title="bbox 237 937 1322 1022; baseline -0.001 -17"><span class='ocrx_word' id='word_1_36' title='bbox 237 941 382 1006; x_wconf 85' lang='lat' dir='ltr'><strong>lonensis</strong></span> <span class='ocrx_word' id='word_1_37' title='bbox 396 941 616 1005; x_wconf 88' lang='lat' dir='ltr'><strong>firmissimum</strong></span> <span class='ocrx_word' id='word_1_38' title='bbox 633 938 866 1022; x_wconf 77' lang='lat' dir='ltr'><strong>patrocinium,</strong></span> <span class='ocrx_word' id='word_1_39' title='bbox 881 945 915 1002; x_wconf 91' lang='lat' dir='ltr'><strong>et</strong></span> <span class='ocrx_word' id='word_1_40' title='bbox 923 939 1061 1002; x_wconf 78' lang='lat' dir='ltr'><strong>Thomee</strong></span> <span class='ocrx_word' id='word_1_41' title='bbox 1071 937 1248 1002; x_wconf 87' lang='lat' dir='ltr'><strong>Porcacbii</strong></span> <span class='ocrx_word' id='word_1_42' title='bbox 1260 958 1322 1021; x_wconf 93' lang='lat' dir='ltr'><strong>pro</strong></span> 
     </span>
     <span class='ocr_line' id='line_1_7' title="bbox 236 1038 1321 1107; baseline -0.002 0"><span class='ocrx_word' id='word_1_43' title='bbox 236 1042 336 1107; x_wconf 93' lang='lat' dir='ltr'><strong>nobis</strong></span> <span class='ocrx_word' id='word_1_44' title='bbox 360 1040 552 1104; x_wconf 77' lang='lat' dir='ltr'><strong>disserentis</strong></span> <span class='ocrx_word' id='word_1_45' title='bbox 577 1039 750 1102; x_wconf 87' lang='lat' dir='ltr'><strong>verissima</strong></span> <span class='ocrx_word' id='word_1_46' title='bbox 772 1038 933 1102; x_wconf 80' lang='lat' dir='ltr'><strong>defensio.</strong></span> <span class='ocrx_word' id='word_1_47' title='bbox 977 1039 1056 1102; x_wconf 82' lang='lat' dir='ltr'><strong>Sive</strong></span> <span class='ocrx_word' id='word_1_48' title='bbox 1076 1039 1164 1102; x_wconf 90' lang='lat' dir='ltr'><strong>enim</strong></span> <span class='ocrx_word' id='word_1_49' title='bbox 1188 1040 1321 1105; x_wconf 89' lang='lat' dir='ltr'><strong>testium</strong></span> 
     </span>
     <span class='ocr_line' id='line_1_8' title="bbox 236 1138 1322 1222; baseline -0.003 -15"><span class='ocrx_word' id='word_1_50' title='bbox 236 1143 481 1217; x_wconf 82' lang='lat' dir='ltr'><strong>auctoritatem,</strong></span> <span class='ocrx_word' id='word_1_51' title='bbox 503 1141 574 1205; x_wconf 86' lang='lat' dir='ltr'><strong>sive</strong></span> <span class='ocrx_word' id='word_1_52' title='bbox 589 1140 749 1204; x_wconf 87' lang='lat' dir='ltr'><strong>rationum</strong></span> <span class='ocrx_word' id='word_1_53' title='bbox 765 1138 1004 1215; x_wconf 87' lang='lat' dir='ltr'><strong>certitudinem,</strong></span> <span class='ocrx_word' id='word_1_54' title='bbox 1020 1140 1091 1202; x_wconf 88' lang='lat' dir='ltr'><strong>sive</strong></span> <span class='ocrx_word' id='word_1_55' title='bbox 1106 1139 1248 1222; x_wconf 91' lang='lat' dir='ltr'><strong>denique</strong></span> <span class='ocrx_word' id='word_1_56' title='bbox 1263 1161 1322 1205; x_wconf 86' lang='lat' dir='ltr'><strong>en-</strong></span> 
     </span>
     <span class='ocr_line' id='line_1_9' title="bbox 234 1238 1321 1326; baseline -0.001 -18"><span class='ocrx_word' id='word_1_57' title='bbox 234 1244 401 1326; x_wconf 89' lang='lat' dir='ltr'><strong>tiquorum</strong></span> <span class='ocrx_word' id='word_1_58' title='bbox 434 1241 716 1323; x_wconf 81' lang='lat' dir='ltr'><strong>Epigrammetum</strong></span> <span class='ocrx_word' id='word_1_59' title='bbox 741 1239 972 1302; x_wconf 79' lang='lat' dir='ltr'><strong>accessionem</strong></span> <span class='ocrx_word' id='word_1_60' title='bbox 998 1238 1215 1321; x_wconf 85' lang='lat' dir='ltr'><strong>requiremus,</strong></span> <span class='ocrx_word' id='word_1_61' title='bbox 1240 1243 1321 1306; x_wconf 92' lang='lat' dir='ltr'><strong>nibil</strong></span> 
     </span>
     <span class='ocr_line' id='line_1_10' title="bbox 236 1337 1320 1424; baseline -0.001 -18"><span class='ocrx_word' id='word_1_62' title='bbox 236 1349 301 1419; x_wconf 87' lang='lat' dir='ltr'><strong>est,</strong></span> <span class='ocrx_word' id='word_1_63' title='bbox 316 1340 406 1424; x_wconf 89' lang='lat' dir='ltr'><strong>quod</strong></span> <span class='ocrx_word' id='word_1_64' title='bbox 423 1341 456 1403; x_wconf 92' lang='lat' dir='ltr'><strong>in</strong></span> <span class='ocrx_word' id='word_1_65' title='bbox 471 1340 536 1403; x_wconf 88' lang='lat' dir='ltr'><strong>bac</strong></span> <span class='ocrx_word' id='word_1_66' title='bbox 551 1357 655 1403; x_wconf 87' lang='lat' dir='ltr'><strong>causa</strong></span> <span class='ocrx_word' id='word_1_67' title='bbox 669 1340 711 1403; x_wconf 90' lang='lat' dir='ltr'><strong>ab</strong></span> <span class='ocrx_word' id='word_1_68' title='bbox 727 1338 779 1400; x_wconf 90' lang='lat' dir='ltr'><strong>bis</strong></span> <span class='ocrx_word' id='word_1_69' title='bbox 794 1339 940 1419; x_wconf 84' lang='lat' dir='ltr'><strong>petronis</strong></span> <span class='ocrx_word' id='word_1_70' title='bbox 955 1337 1191 1402; x_wconf 87' lang='lat' dir='ltr'><strong>desideremus.</strong></span> <span class='ocrx_word' id='word_1_71' title='bbox 1234 1341 1320 1405; x_wconf 85' lang='lat' dir='ltr'><strong>Tes-</strong></span> 
     </span>
     <span class='ocr_line' id='line_1_11' title="bbox 233 1437 1320 1524; baseline -0.001 -18"><span class='ocrx_word' id='word_1_72' title='bbox 233 1449 287 1506; x_wconf 85' lang='lat' dir='ltr'><strong>tes</strong></span> <span class='ocrx_word' id='word_1_73' title='bbox 301 1441 474 1524; x_wconf 86' lang='lat' dir='ltr'><strong>proierunt</strong></span> <span class='ocrx_word' id='word_1_74' title='bbox 485 1439 674 1504; x_wconf 89' lang='lat' dir='ltr'><strong>Suetonium</strong></span> <span class='ocrx_word' id='word_1_75' title='bbox 684 1437 926 1520; x_wconf 82' lang='lat' dir='ltr'><strong>Tranquillum,</strong></span> <span class='ocrx_word' id='word_1_76' title='bbox 937 1437 1122 1502; x_wconf 87' lang='lat' dir='ltr'><strong>Eusebium</strong></span> <span class='ocrx_word' id='word_1_77' title='bbox 1135 1437 1320 1504; x_wconf 85' lang='lat' dir='ltr'><strong>Coeserien·</strong></span> 
     </span>
     <span class='ocr_line' id='line_1_12' title="bbox 234 1537 1319 1623; baseline 0 -19"><span class='ocrx_word' id='word_1_78' title='bbox 234 1561 319 1618; x_wconf 89' lang='lat' dir='ltr'><strong>sem,</strong></span> <span class='ocrx_word' id='word_1_79' title='bbox 334 1541 378 1605; x_wconf 93' lang='lat' dir='ltr'><strong>D.</strong></span> <span class='ocrx_word' id='word_1_80' title='bbox 390 1540 641 1623; x_wconf 84' lang='lat' dir='ltr'><strong>Hieronymum,</strong></span> <span class='ocrx_word' id='word_1_81' title='bbox 650 1537 819 1620; x_wconf 87' lang='lat' dir='ltr'><strong>antiquam</strong></span> <span class='ocrx_word' id='word_1_82' title='bbox 831 1537 1081 1618; x_wconf 87' lang='lat' dir='ltr'><strong>impressionem</strong></span> <span class='ocrx_word' id='word_1_83' title='bbox 1093 1556 1179 1602; x_wconf 88' lang='lat' dir='ltr'><strong>anno</strong></span> <span class='ocrx_word' id='word_1_84' title='bbox 1191 1559 1212 1603; x_wconf 86' lang='lat' dir='ltr'><strong>e</strong></span> <span class='ocrx_word' id='word_1_85' title='bbox 1223 1545 1319 1622; x_wconf 85' lang='lat' dir='ltr'><strong>partu</strong></span> 
     </span>
     <span class='ocr_line' id='line_1_13' title="bbox 233 1637 1319 1724; baseline -0.002 -19"><span class='ocrx_word' id='word_1_86' title='bbox 233 1641 393 1724; x_wconf 77' lang='lat' dir='ltr'><strong>virgineo</strong></span> <span class='ocrx_word' id='word_1_87' title='bbox 414 1640 591 1705; x_wconf 90' lang='lat' dir='ltr'><strong>millesimo</strong></span> <span class='ocrx_word' id='word_1_88' title='bbox 613 1637 941 1721; x_wconf 84' lang='lat' dir='ltr'><strong>quadringentesimo</strong></span> <span class='ocrx_word' id='word_1_89' title='bbox 965 1639 1212 1720; x_wconf 81' lang='lat' dir='ltr'><strong>septuagesimo</strong></span> <span class='ocrx_word' id='word_1_90' title='bbox 1231 1659 1319 1704; x_wconf 91' lang='lat' dir='ltr'><strong>nono</strong></span> 
     </span>
     <span class='ocr_line' id='line_1_14' title="bbox 231 1739 1318 1824; baseline -0.001 -17"><span class='ocrx_word' id='word_1_91' title='bbox 231 1741 517 1816; x_wconf 83' lang='lat' dir='ltr'><strong>Tarvisiieditem,</strong></span> <span class='ocrx_word' id='word_1_92' title='bbox 530 1740 739 1803; x_wconf 74' lang='lat' dir='ltr'><strong>Hermolaum</strong></span> <span class='ocrx_word' id='word_1_93' title='bbox 757 1739 952 1817; x_wconf 83' lang='lat' dir='ltr'><strong>Barbarum,</strong></span> <span class='ocrx_word' id='word_1_94' title='bbox 966 1739 1183 1816; x_wconf 85' lang='lat' dir='ltr'><strong>Politienum,</strong></span> <span class='ocrx_word' id='word_1_95' title='bbox 1195 1739 1318 1824; x_wconf 87' lang='lat' dir='ltr'><strong>(scitis,</strong></span> 
     </span>
     <span class='ocr_line' id='line_1_15' title="bbox 232 1835 1319 1924; baseline -0.002 -16"><span class='ocrx_word' id='word_1_96' title='bbox 232 1845 363 1919; x_wconf 84' lang='lat' dir='ltr'><strong>Patres,</strong></span> <span class='ocrx_word' id='word_1_97' title='bbox 376 1860 462 1924; x_wconf 90' lang='lat' dir='ltr'><strong>quos</strong></span> <span class='ocrx_word' id='word_1_98' title='bbox 478 1841 569 1905; x_wconf 88' lang='lat' dir='ltr'><strong>viros</strong></span> <span class='ocrx_word' id='word_1_99' title='bbox 583 1835 744 1920; x_wconf 91' lang='lat' dir='ltr'><strong>nomino,)</strong></span> <span class='ocrx_word' id='word_1_100' title='bbox 755 1837 935 1921; x_wconf 84' lang='lat' dir='ltr'><strong>Georgium</strong></span> <span class='ocrx_word' id='word_1_101' title='bbox 950 1839 1126 1916; x_wconf 85' lang='lat' dir='ltr'><strong>Merulam,</strong></span> <span class='ocrx_word' id='word_1_102' title='bbox 1143 1839 1319 1906; x_wconf 84' lang='lat' dir='ltr'><strong>Bernerdi-</strong></span> 
     </span>
    </p>
   </div>
   <div class='ocr_carea' id='block_1_4' title="bbox 92 1937 1317 2025">
    <p class='ocr_par' dir='ltr' id='par_1_4' title="bbox 92 1937 1317 2025">
     <span class='ocr_line' id='line_1_16' title="bbox 92 1937 1317 2025; baseline -0.002 -19"><span class='ocrx_word' id='word_1_103' title='bbox 92 1967 98 1982; x_wconf 68' lang='grc'><strong><em>’</em></strong></span> <span class='ocrx_word' id='word_1_104' title='bbox 230 1963 310 2008; x_wconf 89' lang='lat' dir='ltr'><strong>num</strong></span> <span class='ocrx_word' id='word_1_105' title='bbox 324 1941 470 2021; x_wconf 84' lang='lat' dir='ltr'><strong>Corium,</strong></span> <span class='ocrx_word' id='word_1_106' title='bbox 486 1939 693 2025; x_wconf 78' lang='lat' dir='ltr'><strong>Rapbaiilem</strong></span> <span class='ocrx_word' id='word_1_107' title='bbox 717 1937 871 2020; x_wconf 83' lang='lat' dir='ltr'><strong>Regium,</strong></span> <span class='ocrx_word' id='word_1_108' title='bbox 893 1949 929 2004; x_wconf 90' lang='lat' dir='ltr'><strong>et</strong></span> <span class='ocrx_word' id='word_1_109' title='bbox 951 1940 1086 2004; x_wconf 84' lang='lat' dir='ltr'><strong>Heliam</strong></span> <span class='ocrx_word' id='word_1_110' title='bbox 1102 1939 1317 2022; x_wconf 86' lang='lat' dir='ltr'><strong>Capreolum.</strong></span> 
     </span>
    </p>
   </div>
   <div class='ocr_carea' id='block_1_5' title="bbox 223 2040 1319 4228">
    <p class='ocr_par' dir='ltr' id='par_1_5' title="bbox 223 2040 1319 4228">
     <span class='ocr_line' id='line_1_17' title="bbox 231 2040 1317 2125; baseline -0.002 -17"><span class='ocrx_word' id='word_1_111' title='bbox 231 2043 271 2108; x_wconf 92' lang='lat' dir='ltr'><strong>ln</strong></span> <span class='ocrx_word' id='word_1_112' title='bbox 285 2062 325 2108; x_wconf 91' lang='lat' dir='ltr'><strong>eo</strong></span> <span class='ocrx_word' id='word_1_113' title='bbox 339 2045 425 2106; x_wconf 89' lang='lat' dir='ltr'><strong>enim</strong></span> <span class='ocrx_word' id='word_1_114' title='bbox 441 2062 553 2125; x_wconf 91' lang='lat' dir='ltr'><strong>opere,</strong></span> <span class='ocrx_word' id='word_1_115' title='bbox 571 2042 663 2124; x_wconf 89' lang='lat' dir='ltr'><strong>qood</strong></span> <span class='ocrx_word' id='word_1_116' title='bbox 679 2040 721 2103; x_wconf 93' lang='lat' dir='ltr'><strong>de</strong></span> <span class='ocrx_word' id='word_1_117' title='bbox 738 2040 829 2104; x_wconf 81' lang='lat' dir='ltr'><strong>Viris</strong></span> <span class='ocrx_word' id='word_1_118' title='bbox 846 2040 1030 2105; x_wconf 86' lang='lat' dir='ltr'><strong>Illustribus</strong></span> <span class='ocrx_word' id='word_1_119' title='bbox 1045 2041 1223 2106; x_wconf 87' lang='lat' dir='ltr'><strong>Suetonius</strong></span> <span class='ocrx_word' id='word_1_120' title='bbox 1238 2061 1317 2106; x_wconf 91' lang='lat' dir='ltr'><strong>con·</strong></span> 
     </span>
     <span class='ocr_line' id='line_1_18' title="bbox 229 2140 1319 2230; baseline -0.001 -23"><span class='ocrx_word' id='word_1_121' title='bbox 229 2145 373 2226; x_wconf 87' lang='lat' dir='ltr'><strong>scripsit,</strong></span> <span class='ocrx_word' id='word_1_122' title='bbox 395 2143 436 2207; x_wconf 92' lang='lat' dir='ltr'><strong>de</strong></span> <span class='ocrx_word' id='word_1_123' title='bbox 452 2142 563 2206; x_wconf 91' lang='lat' dir='ltr'><strong>Plinio</strong></span> <span class='ocrx_word' id='word_1_124' title='bbox 577 2143 725 2205; x_wconf 91' lang='lat' dir='ltr'><strong>scribens</strong></span> <span class='ocrx_word' id='word_1_125' title='bbox 738 2142 860 2223; x_wconf 89' lang='lat' dir='ltr'><strong>inquit:</strong></span> <span class='ocrx_word' id='word_1_126' title='bbox 883 2141 1038 2205; x_wconf 85' lang='lat' dir='ltr'><strong>‘Plinius</strong></span> <span class='ocrx_word' id='word_1_127' title='bbox 1053 2140 1227 2230; x_wconf 76' lang='lat' dir='ltr'><strong>Secundus</strong></span> <span class='ocrx_word' id='word_1_128' title='bbox 1244 2142 1319 2206; x_wconf 90' lang='lat' dir='ltr'><strong>No·</strong></span> 
     </span>
     <span class='ocr_line' id='line_1_19' title="bbox 229 2241 1317 2324; baseline 0.001 -18"><span class='ocrx_word' id='word_1_129' title='bbox 229 2245 440 2308; x_wconf 77' lang='lat' dir='ltr'><strong>recomensis</strong></span> <span class='ocrx_word' id='word_1_130' title='bbox 460 2243 671 2324; x_wconf 88' lang='lat' dir='ltr'><strong>equestribus</strong></span> <span class='ocrx_word' id='word_1_131' title='bbox 690 2242 820 2306; x_wconf 91' lang='lat' dir='ltr'><strong>militiis</strong></span> <span class='ocrx_word' id='word_1_132' title='bbox 844 2243 974 2324; x_wconf 80' lang='lat' dir='ltr'><strong>egregie</strong></span> <span class='ocrx_word' id='word_1_133' title='bbox 995 2241 1138 2319; x_wconf 85' lang='lat' dir='ltr'><strong>iunctus,</strong></span> <span class='ocrx_word' id='word_1_134' title='bbox 1162 2260 1317 2324; x_wconf 85' lang='lat' dir='ltr'><strong>procura·</strong></span> 
     </span>
     <span class='ocr_line' id='line_1_20' title="bbox 228 2341 1316 2426; baseline 0.002 -20"><span class='ocrx_word' id='word_1_135' title='bbox 228 2344 334 2407; x_wconf 89' lang='lat' dir='ltr'><strong>tiones</strong></span> <span class='ocrx_word' id='word_1_136' title='bbox 363 2361 496 2425; x_wconf 89' lang='lat' dir='ltr'><strong>quoque</strong></span> <span class='ocrx_word' id='word_1_137' title='bbox 525 2341 828 2426; x_wconf 80' lang='lat' dir='ltr'><strong>splendidissimas,</strong></span> <span class='ocrx_word' id='word_1_138' title='bbox 859 2349 960 2426; x_wconf 89' lang='lat' dir='ltr'><strong>atque</strong></span> <span class='ocrx_word' id='word_1_139' title='bbox 989 2343 1163 2406; x_wconf 87' lang='lat' dir='ltr'><strong>continues</strong></span> <span class='ocrx_word' id='word_1_140' title='bbox 1188 2361 1316 2408; x_wconf 85' lang='lat' dir='ltr'><strong>summe</strong></span> 
     </span>
     <span class='ocr_line' id='line_1_21' title="bbox 228 2433 1315 2524; baseline 0 -18"><span class='ocrx_word' id='word_1_141' title='bbox 228 2443 414 2524; x_wconf 81' lang='lat' dir='ltr'><strong>integritate</strong></span> <span class='ocrx_word' id='word_1_142' title='bbox 424 2443 685 2507; x_wconf 85' lang='lat' dir='ltr'><strong>administravit:</strong></span> <span class='ocrx_word' id='word_1_143' title='bbox 701 2449 853 2522; x_wconf 81' lang='lat' dir='ltr'><strong>mortuus</strong></span> <span class='ocrx_word' id='word_1_144' title='bbox 865 2450 925 2519; x_wconf 91' lang='lat' dir='ltr'><strong>est,</strong></span> <span class='ocrx_word' id='word_1_145' title='bbox 937 2433 1012 2507; x_wconf 80' lang='lat' dir='ltr'><strong>cum</strong></span> <span class='ocrx_word' id='word_1_146' title='bbox 1023 2441 1315 2507; x_wconf 71' lang='lat' dir='ltr'><strong>Misenensi‘classi</strong></span> 
     </span>
     <span class='ocr_line' id='line_1_22' title="bbox 226 2541 1317 2626; baseline 0.002 -22"><span class='ocrx_word' id='word_1_147' title='bbox 226 2549 399 2623; x_wconf 73' lang='lat' dir='ltr'><strong>praeesset,</strong></span> <span class='ocrx_word' id='word_1_148' title='bbox 430 2550 466 2605; x_wconf 91' lang='lat' dir='ltr'><strong>et</strong></span> <span class='ocrx_word' id='word_1_149' title='bbox 491 2543 647 2623; x_wconf 78' lang='lat' dir='ltr'><strong>flagrante</strong></span> <span class='ocrx_word' id='word_1_150' title='bbox 675 2543 827 2608; x_wconf 87' lang='lat' dir='ltr'><strong>Vesuvio</strong></span> <span class='ocrx_word' id='word_1_151' title='bbox 852 2543 894 2608; x_wconf 88' lang='lat' dir='ltr'><strong>ad</strong></span> <span class='ocrx_word' id='word_1_152' title='bbox 925 2541 1148 2625; x_wconf 81' lang='lat' dir='ltr'><strong>explorandas</strong></span> <span class='ocrx_word' id='word_1_153' title='bbox 1176 2544 1317 2626; x_wconf 90' lang='lat' dir='ltr'><strong>propius</strong></span> 
     </span>
     <span class='ocr_line' id='line_1_23' title="bbox 227 2642 1315 2726; baseline 0 -20"><span class='ocrx_word' id='word_1_154' title='bbox 227 2661 346 2706; x_wconf 86' lang='lat' dir='ltr'><strong>causes</strong></span> <span class='ocrx_word' id='word_1_155' title='bbox 363 2642 557 2707; x_wconf 81' lang='lat' dir='ltr'><strong>Liburnicas</strong></span> <span class='ocrx_word' id='word_1_156' title='bbox 569 2645 823 2726; x_wconf 66' lang='lat' dir='ltr'><strong>praetendisset!</strong></span> <span class='ocrx_word' id='word_1_157' title='bbox 866 2644 1028 2709; x_wconf 89' lang='lat' dir='ltr'><strong>Eusebius</strong></span> <span class='ocrx_word' id='word_1_158' title='bbox 1039 2662 1129 2722; x_wconf 84' lang='lat' dir='ltr'><strong>vero,</strong></span> <span class='ocrx_word' id='word_1_159' title='bbox 1143 2652 1202 2708; x_wconf 87' lang='lat' dir='ltr'><strong>eet</strong></span> <span class='ocrx_word' id='word_1_160' title='bbox 1214 2643 1315 2708; x_wconf 89' lang='lat' dir='ltr'><strong>Inter·</strong></span> 
     </span>
     <span class='ocr_line' id='line_1_24' title="bbox 225 2742 1315 2827; baseline 0.002 -23"><span class='ocrx_word' id='word_1_161' title='bbox 225 2760 305 2824; x_wconf 87' lang='lat' dir='ltr'><strong>pres</strong></span> <span class='ocrx_word' id='word_1_162' title='bbox 320 2743 365 2806; x_wconf 92' lang='lat' dir='ltr'><strong>D.</strong></span> <span class='ocrx_word' id='word_1_163' title='bbox 378 2742 613 2826; x_wconf 81' lang='lat' dir='ltr'><strong>Hieronymus,</strong></span> <span class='ocrx_word' id='word_1_164' title='bbox 635 2743 775 2817; x_wconf 55' lang='lat' dir='ltr'><strong>‘Annei</strong></span> <span class='ocrx_word' id='word_1_165' title='bbox 797 2745 917 2827; x_wconf 89' lang='lat' dir='ltr'><strong>inquit,</strong></span> <span class='ocrx_word' id='word_1_166' title='bbox 940 2745 1157 2808; x_wconf 87' lang='lat' dir='ltr'><strong>‘duodecimo</strong></span> <span class='ocrx_word' id='word_1_167' title='bbox 1180 2744 1315 2826; x_wconf 89' lang='lat' dir='ltr'><strong>Imperii</strong></span> 
     </span>
     <span class='ocr_line' id='line_1_25' title="bbox 225 2842 1316 2922; baseline 0.002 -16"><span class='ocrx_word' id='word_1_168' title='bbox 225 2842 360 2922; x_wconf 83' lang='lat' dir='ltr'><strong>Trajeni</strong></span> <span class='ocrx_word' id='word_1_169' title='bbox 375 2843 505 2906; x_wconf 88' lang='lat' dir='ltr'><strong>Plinius</strong></span> <span class='ocrx_word' id='word_1_170' title='bbox 521 2843 703 2920; x_wconf 89' lang='lat' dir='ltr'><strong>Secundus,</strong></span> <span class='ocrx_word' id='word_1_171' title='bbox 720 2844 999 2920; x_wconf 86' lang='lat' dir='ltr'><strong>Novocomensis,</strong></span> <span class='ocrx_word' id='word_1_172' title='bbox 1015 2842 1138 2908; x_wconf 86' lang='lat' dir='ltr'><strong>Orator</strong></span> <span class='ocrx_word' id='word_1_173' title='bbox 1147 2851 1182 2907; x_wconf 92' lang='lat' dir='ltr'><strong>et</strong></span> <span class='ocrx_word' id='word_1_174' title='bbox 1196 2843 1316 2908; x_wconf 90' lang='lat' dir='ltr'><strong>Histo-</strong></span> 
     </span>
     <span class='ocr_line' id='line_1_26' title="bbox 225 2942 1314 3026; baseline 0.002 -20"><span class='ocrx_word' id='word_1_175' title='bbox 225 2943 316 3006; x_wconf 80' lang='lat' dir='ltr'><strong>ricus</strong></span> <span class='ocrx_word' id='word_1_176' title='bbox 329 2942 467 3023; x_wconf 80' lang='lat' dir='ltr'><strong>insignis</strong></span> <span class='ocrx_word' id='word_1_177' title='bbox 486 2943 633 3018; x_wconf 82' lang='lat' dir='ltr'><strong>hebetur,</strong></span> <span class='ocrx_word' id='word_1_178' title='bbox 655 2945 751 3026; x_wconf 89' lang='lat' dir='ltr'><strong>cujus</strong></span> <span class='ocrx_word' id='word_1_179' title='bbox 764 2945 906 3026; x_wconf 87' lang='lat' dir='ltr'><strong>plurima</strong></span> <span class='ocrx_word' id='word_1_180' title='bbox 919 2945 1042 3025; x_wconf 82' lang='lat' dir='ltr'><strong>ingenii</strong></span> <span class='ocrx_word' id='word_1_181' title='bbox 1062 2963 1164 3026; x_wconf 85' lang='lat' dir='ltr'><strong>opere</strong></span> <span class='ocrx_word' id='word_1_182' title='bbox 1178 2951 1314 3008; x_wconf 84' lang='lat' dir='ltr'><strong>extent:</strong></span> 
     </span>
     <span class='ocr_line' id='line_1_27' title="bbox 225 3042 1314 3127; baseline 0.003 -22"><span class='ocrx_word' id='word_1_183' title='bbox 225 3043 322 3124; x_wconf 89' lang='lat' dir='ltr'><strong>periit</strong></span> <span class='ocrx_word' id='word_1_184' title='bbox 337 3042 417 3106; x_wconf 90' lang='lat' dir='ltr'><strong>dum</strong></span> <span class='ocrx_word' id='word_1_185' title='bbox 430 3043 545 3105; x_wconf 84' lang='lat' dir='ltr'><strong>inrisit</strong></span> <span class='ocrx_word' id='word_1_186' title='bbox 554 3042 763 3108; x_wconf 85' lang='lat' dir='ltr'><strong>Vesuvium.’</strong></span> <span class='ocrx_word' id='word_1_187' title='bbox 790 3045 830 3108; x_wconf 91' lang='lat' dir='ltr'><strong>In</strong></span> <span class='ocrx_word' id='word_1_188' title='bbox 845 3046 981 3127; x_wconf 87' lang='lat' dir='ltr'><strong>antiqua</strong></span> <span class='ocrx_word' id='word_1_189' title='bbox 994 3044 1095 3108; x_wconf 91' lang='lat' dir='ltr'><strong>Plinii</strong></span> <span class='ocrx_word' id='word_1_190' title='bbox 1107 3045 1251 3108; x_wconf 89' lang='lat' dir='ltr'><strong>editione</strong></span> <span class='ocrx_word' id='word_1_191' title='bbox 1264 3045 1314 3108; x_wconf 87' lang='lat' dir='ltr'><strong>sic</strong></span> 
     </span>
     <span class='ocr_line' id='line_1_28' title="bbox 225 3141 1314 3228; baseline 0.004 -22"><span class='ocrx_word' id='word_1_192' title='bbox 225 3142 362 3224; x_wconf 85' lang='lat' dir='ltr'><strong>legitur:</strong></span> <span class='ocrx_word' id='word_1_193' title='bbox 385 3141 445 3205; x_wconf 85' lang='lat' dir='ltr'><strong>‘C.</strong></span> <span class='ocrx_word' id='word_1_194' title='bbox 470 3142 601 3206; x_wconf 89' lang='lat' dir='ltr'><strong>Plinius</strong></span> <span class='ocrx_word' id='word_1_195' title='bbox 626 3144 800 3208; x_wconf 90' lang='lat' dir='ltr'><strong>Secundus</strong></span> <span class='ocrx_word' id='word_1_196' title='bbox 825 3145 1093 3209; x_wconf 82' lang='lat' dir='ltr'><strong>Novocomensis</strong></span> <span class='ocrx_word' id='word_1_197' title='bbox 1114 3145 1156 3210; x_wconf 86' lang='grc' dir='ltr'><strong>Τ.</strong></span> <span class='ocrx_word' id='word_1_198' title='bbox 1181 3145 1314 3228; x_wconf 84' lang='lat' dir='ltr'><strong>Vespa·</strong></span> 
     </span>
     <span class='ocr_line' id='line_1_29' title="bbox 225 3241 1312 3328; baseline 0.005 -23"><span class='ocrx_word' id='word_1_199' title='bbox 225 3243 322 3306; x_wconf 88' lang='lat' dir='ltr'><strong>siano</strong></span> <span class='ocrx_word' id='word_1_200' title='bbox 348 3261 408 3305; x_wconf 88' lang='lat' dir='ltr'><strong>suo</strong></span> <span class='ocrx_word' id='word_1_201' title='bbox 429 3241 603 3306; x_wconf 63' lang='lat' dir='ltr'><strong>salutem?</strong></span> <span class='ocrx_word' id='word_1_202' title='bbox 625 3243 748 3307; x_wconf 91' lang='lat' dir='ltr'><strong>ibidem</strong></span> <span class='ocrx_word' id='word_1_203' title='bbox 774 3246 866 3326; x_wconf 92' lang='lat' dir='ltr'><strong>operi</strong></span> <span class='ocrx_word' id='word_1_204' title='bbox 894 3243 1034 3327; x_wconf 79' lang='lat' dir='ltr'><strong>praelixa</strong></span> <span class='ocrx_word' id='word_1_205' title='bbox 1060 3251 1147 3322; x_wconf 87' lang='lat' dir='ltr'><strong>sunt,</strong></span> <span class='ocrx_word' id='word_1_206' title='bbox 1170 3265 1245 3328; x_wconf 77' lang='lat' dir='ltr'><strong>ques</strong></span> <span class='ocrx_word' id='word_1_207' title='bbox 1270 3246 1312 3310; x_wconf 92' lang='lat' dir='ltr'><strong>de</strong></span> 
     </span>
     <span class='ocr_line' id='line_1_30' title="bbox 225 3341 1311 3426; baseline 0.005 -20"><span class='ocrx_word' id='word_1_208' title='bbox 225 3342 339 3406; x_wconf 93' lang='lat' dir='ltr'><strong>Plinio</strong></span> <span class='ocrx_word' id='word_1_209' title='bbox 354 3341 537 3406; x_wconf 89' lang='lat' dir='ltr'><strong>Suetonius</strong></span> <span class='ocrx_word' id='word_1_210' title='bbox 551 3351 609 3406; x_wconf 89' lang='lat' dir='ltr'><strong>ant</strong></span> <span class='ocrx_word' id='word_1_211' title='bbox 624 3343 792 3408; x_wconf 87' lang='lat' dir='ltr'><strong>Eusebius</strong></span> <span class='ocrx_word' id='word_1_212' title='bbox 808 3343 1025 3426; x_wconf 86' lang='lat' dir='ltr'><strong>scripserunt.</strong></span> <span class='ocrx_word' id='word_1_213' title='bbox 1069 3344 1223 3410; x_wconf 89' lang='lat' dir='ltr'><strong>Ceterum</strong></span> <span class='ocrx_word' id='word_1_214' title='bbox 1237 3346 1311 3410; x_wconf 84' lang='lat' dir='ltr'><strong>baec</strong></span> 
     </span>
     <span class='ocr_line' id='line_1_31' title="bbox 228 3441 1312 3530; baseline 0.004 -24"><span class='ocrx_word' id='word_1_215' title='bbox 228 3443 341 3506; x_wconf 81' lang='lat' dir='ltr'><strong>omnia</strong></span> <span class='ocrx_word' id='word_1_216' title='bbox 362 3441 449 3505; x_wconf 85' lang='lat' dir='ltr'><strong>bend</strong></span> <span class='ocrx_word' id='word_1_217' title='bbox 464 3443 668 3507; x_wconf 86' lang='lat' dir='ltr'><strong>firmioribus</strong></span> <span class='ocrx_word' id='word_1_218' title='bbox 694 3444 967 3530; x_wconf 81' lang='lat' dir='ltr'><strong>responsionibus</strong></span> <span class='ocrx_word' id='word_1_219' title='bbox 993 3444 1159 3508; x_wconf 86' lang='lat' dir='ltr'><strong>Pantbens</strong></span> <span class='ocrx_word' id='word_1_220' title='bbox 1182 3445 1312 3524; x_wconf 78' lang='lat' dir='ltr'><strong>refellit,</strong></span> 
     </span>
     <span class='ocr_line' id='line_1_32' title="bbox 225 3542 1311 3626; baseline 0.003 -20"><span class='ocrx_word' id='word_1_221' title='bbox 225 3561 326 3625; x_wconf 85' lang='lat' dir='ltr'><strong>quem</strong></span> <span class='ocrx_word' id='word_1_222' title='bbox 339 3542 458 3606; x_wconf 88' lang='lat' dir='ltr'><strong>solidis</strong></span> <span class='ocrx_word' id='word_1_223' title='bbox 471 3543 694 3607; x_wconf 81' lang='lat' dir='ltr'><strong>frundamentis</strong></span> <span class='ocrx_word' id='word_1_224' title='bbox 710 3563 804 3608; x_wconf 88' lang='lat' dir='ltr'><strong>suam</strong></span> <span class='ocrx_word' id='word_1_225' title='bbox 820 3542 862 3606; x_wconf 91' lang='lat' dir='ltr'><strong>de</strong></span> <span class='ocrx_word' id='word_1_226' title='bbox 879 3543 978 3606; x_wconf 91' lang='lat' dir='ltr'><strong>Plinii</strong></span> <span class='ocrx_word' id='word_1_227' title='bbox 995 3544 1104 3625; x_wconf 85' lang='lat' dir='ltr'><strong>petria</strong></span> <span class='ocrx_word' id='word_1_228' title='bbox 1119 3544 1311 3626; x_wconf 89' lang='lat' dir='ltr'><strong>opinionem</strong></span> 
     </span>
     <span class='ocr_line' id='line_1_33' title="bbox 224 3641 1310 3722; baseline 0.002 -16"><span class='ocrx_word' id='word_1_229' title='bbox 224 3642 454 3706; x_wconf 89' lang='lat' dir='ltr'><strong>constituerit:</strong></span> <span class='ocrx_word' id='word_1_230' title='bbox 476 3643 670 3706; x_wconf 89' lang='lat' dir='ltr'><strong>Suetonium</strong></span> <span class='ocrx_word' id='word_1_231' title='bbox 686 3641 728 3706; x_wconf 92' lang='lat' dir='ltr'><strong>de</strong></span> <span class='ocrx_word' id='word_1_232' title='bbox 745 3642 839 3706; x_wconf 88' lang='lat' dir='ltr'><strong>Viris</strong></span> <span class='ocrx_word' id='word_1_233' title='bbox 860 3642 1048 3707; x_wconf 88' lang='lat' dir='ltr'><strong>Illustribos</strong></span> <span class='ocrx_word' id='word_1_234' title='bbox 1061 3642 1169 3722; x_wconf 74' lang='lat' dir='ltr'><strong>egisse</strong></span> <span class='ocrx_word' id='word_1_235' title='bbox 1183 3641 1310 3710; x_wconf 86' lang='lat' dir='ltr'><strong>inlicie-</strong></span> 
     </span>
     <span class='ocr_line' id='line_1_34' title="bbox 224 3741 1310 3825; baseline 0.004 -19"><span class='ocrx_word' id='word_1_236' title='bbox 224 3747 287 3818; x_wconf 89' lang='lat' dir='ltr'><strong>tur,</strong></span> <span class='ocrx_word' id='word_1_237' title='bbox 309 3741 425 3805; x_wconf 91' lang='lat' dir='ltr'><strong>eodem</strong></span> <span class='ocrx_word' id='word_1_238' title='bbox 452 3761 528 3805; x_wconf 88' lang='lat' dir='ltr'><strong>cum</strong></span> <span class='ocrx_word' id='word_1_239' title='bbox 552 3742 677 3807; x_wconf 88' lang='lat' dir='ltr'><strong>Sereno</strong></span> <span class='ocrx_word' id='word_1_240' title='bbox 704 3743 916 3808; x_wconf 85' lang='lat' dir='ltr'><strong>Sammonieo</strong></span> <span class='ocrx_word' id='word_1_241' title='bbox 939 3762 1046 3806; x_wconf 92' lang='lat' dir='ltr'><strong>errore</strong></span> <span class='ocrx_word' id='word_1_242' title='bbox 1069 3743 1202 3825; x_wconf 89' lang='lat' dir='ltr'><strong>lapsum</strong></span> <span class='ocrx_word' id='word_1_243' title='bbox 1224 3743 1310 3810; x_wconf 88' lang='lat' dir='ltr'><strong>dues</strong></span> 
     </span>
     <span class='ocr_line' id='line_1_35' title="bbox 224 3841 1310 3923; baseline 0.004 -17"><span class='ocrx_word' id='word_1_244' title='bbox 224 3841 370 3918; x_wconf 89' lang='lat' dir='ltr'><strong>Plinios,</strong></span> <span class='ocrx_word' id='word_1_245' title='bbox 386 3847 510 3923; x_wconf 86' lang='lat' dir='ltr'><strong>petrem</strong></span> <span class='ocrx_word' id='word_1_246' title='bbox 525 3847 557 3905; x_wconf 91' lang='lat' dir='ltr'><strong>et</strong></span> <span class='ocrx_word' id='word_1_247' title='bbox 569 3841 685 3920; x_wconf 77' lang='lat' dir='ltr'><strong>libum,</strong></span> <span class='ocrx_word' id='word_1_248' title='bbox 696 3847 795 3907; x_wconf 83' lang='lat' dir='ltr'><strong>unum</strong></span> <span class='ocrx_word' id='word_1_249' title='bbox 811 3843 947 3919; x_wconf 83' lang='lat' dir='ltr'><strong>iecisse,</strong></span> <span class='ocrx_word' id='word_1_250' title='bbox 959 3851 1017 3906; x_wconf 89' lang='lat' dir='ltr'><strong>aut</strong></span> <span class='ocrx_word' id='word_1_251' title='bbox 1030 3843 1132 3907; x_wconf 85' lang='lat' dir='ltr'><strong>etiem</strong></span> <span class='ocrx_word' id='word_1_252' title='bbox 1146 3845 1310 3910; x_wconf 85' lang='lat' dir='ltr'><strong>volentem</strong></span> 
     </span>
     <span class='ocr_line' id='line_1_36' title="bbox 223 3943 1309 4027; baseline 0.004 -22"><span class='ocrx_word' id='word_1_253' title='bbox 223 3948 257 4006; x_wconf 88' lang='lat' dir='ltr'><strong>et</strong></span> <span class='ocrx_word' id='word_1_254' title='bbox 270 3943 426 4006; x_wconf 88' lang='lat' dir='ltr'><strong>scientem</strong></span> <span class='ocrx_word' id='word_1_255' title='bbox 441 3961 613 4024; x_wconf 88' lang='lat' dir='ltr'><strong>peccasse,</strong></span> <span class='ocrx_word' id='word_1_256' title='bbox 636 3945 822 4027; x_wconf 79' lang='lat' dir='ltr'><strong>vel-patries</strong></span> <span class='ocrx_word' id='word_1_257' title='bbox 842 3946 1052 4020; x_wconf 90' lang='lat' dir='ltr'><strong>mentionem,</strong></span> <span class='ocrx_word' id='word_1_258' title='bbox 1074 3963 1170 4025; x_wconf 86' lang='lat' dir='ltr'><strong>quam</strong></span> <span class='ocrx_word' id='word_1_259' title='bbox 1192 3945 1309 4008; x_wconf 90' lang='lat' dir='ltr'><strong>Sueto-</strong></span> 
     </span>
     <span class='ocr_line' id='line_1_37' title="bbox 223 4043 1309 4128; baseline 0.006 -24"><span class='ocrx_word' id='word_1_260' title='bbox 223 4043 298 4106; x_wconf 90' lang='lat' dir='ltr'><strong>nius</strong></span> <span class='ocrx_word' id='word_1_261' title='bbox 309 4043 533 4126; x_wconf 70' lang='lat' dir='ltr'><strong>praeteriisset,</strong></span> <span class='ocrx_word' id='word_1_262' title='bbox 556 4045 599 4107; x_wconf 88' lang='lat' dir='ltr'><strong>eb</strong></span> <span class='ocrx_word' id='word_1_263' title='bbox 613 4045 681 4108; x_wconf 91' lang='lat' dir='ltr'><strong>alio</strong></span> <span class='ocrx_word' id='word_1_264' title='bbox 695 4045 881 4128; x_wconf 87' lang='lat' dir='ltr'><strong>accepisse,</strong></span> <span class='ocrx_word' id='word_1_265' title='bbox 902 4063 923 4108; x_wconf 85' lang='lat' dir='ltr'><strong>a</strong></span> <span class='ocrx_word' id='word_1_266' title='bbox 943 4063 1012 4128; x_wconf 89' lang='lat' dir='ltr'><strong>quo</strong></span> <span class='ocrx_word' id='word_1_267' title='bbox 1024 4043 1110 4107; x_wconf 81' lang='lat' dir='ltr'><strong>sorte</strong></span> <span class='ocrx_word' id='word_1_268' title='bbox 1124 4045 1158 4107; x_wconf 92' lang='lat' dir='ltr'><strong>in</strong></span> <span class='ocrx_word' id='word_1_269' title='bbox 1173 4047 1309 4128; x_wconf 83' lang='lat' dir='ltr'><strong>antiqua</strong></span> 
     </span>
     <span class='ocr_line' id='line_1_38' title="bbox 224 4139 1310 4228; baseline 0 -18"><span class='ocrx_word' id='word_1_270' title='bbox 224 4141 328 4210; x_wconf 90' lang='lat' dir='ltr'><strong>Plinii</strong></span> <span class='ocrx_word' id='word_1_271' title='bbox 351 4143 494 4208; x_wconf 85' lang='lat' dir='ltr'><strong>editione</strong></span> <span class='ocrx_word' id='word_1_272' title='bbox 518 4143 614 4210; x_wconf 78' lang='lat' dir='ltr'><strong>litere</strong></span> <span class='ocrx_word' id='word_1_273' title='bbox 636 4145 821 4228; x_wconf 72' lang='lat' dir='ltr'><strong>depravata</strong></span> <span class='ocrx_word' id='word_1_274' title='bbox 842 4144 899 4222; x_wconf 87' lang='lat' dir='ltr'><strong>sit,</strong></span> <span class='ocrx_word' id='word_1_275' title='bbox 919 4144 996 4210; x_wconf 91' lang='lat' dir='ltr'><strong>loco</strong></span> <span class='ocrx_word' id='word_1_276' title='bbox 1019 4145 1110 4210; x_wconf 80' lang='lat' dir='ltr'><strong>verbi</strong></span> <span class='ocrx_word' id='word_1_277' title='bbox 1134 4139 1310 4210; x_wconf 79' lang='lat' dir='ltr'><strong>Veroocrrrir</strong></span> 
     </span>
    </p>
   </div>
   <div class='ocr_carea' id='block_1_6' title="bbox 0 0 1512 4876">
    <p class='ocr_par' dir='ltr' id='par_1_6' title="bbox 0 0 1512 4876">
     <span class='ocr_line' id='line_1_39' title="bbox 0 0 1512 4876; baseline 0 6"><span class='ocrx_word' id='word_1_278' title='bbox 0 0 1512 4876; x_wconf 95' lang='lat' dir='ltr'><strong> </strong></span> 
     </span>
    </p>
   </div>
  </div>
 </body>
</html>
