3016 4876
262 368 306 434 bt
604 383 653 430 ns
675 383 707 430 c.
732 380 852 430 rtrum
878 375 1016 433 runata

350 524 444 590 Dant
456 524 599 608 scopuli,
615 529 649 588 ct
661 525 766 590 multa
777 525 868 590 littus
883 545 920 590 se
930 527 1018 590 mlle
1031 535 1201 611 receptat:

351 625 460 690 Lunai
471 630 600 708 portum
616 631 669 688 est
683 644 795 709 operae
811 628 1002 708 cognoscite
1018 629 1120 692 cives.

309 727 362 791 De
377 725 487 791 Ennio
502 726 648 791 dicerent
663 728 725 791 uiri
740 728 875 806 literati,
894 729 959 792 sibi
981 729 1067 793 idem
1088 749 1153 793 uon
1169 731 1271 794 videri
1285 729 1352 796 Ta-

264 828 474 894 restinctum
489 847 575 904 esse,
586 835 619 892 et
629 847 704 891 esse
715 828 927 892 Tarentinum
940 849 949 907 ;
964 830 1152 893 existimare
1167 849 1204 894 se
1215 832 1352 896 Tarenti

264 931 357 994 nasci
372 929 513 993 Ennium
526 929 686 1013 potuisse,
709 929 989 1011 quemadmodum
1005 929 1172 994 Eusebius
1187 931 1299 1008 habet,
1312 951 1353 995 eo

264 1031 456 1114 parentibus
471 1030 727 1107 divertentibus,
750 1030 809 1114 qui
823 1031 1024 1095 Tarentinus
1043 1050 1111 1093 non
1124 1038 1231 1110 esset;
1252 1033 1353 1095 vicis·

265 1132 329 1196 sim
342 1132 561 1197 Tarentinos
581 1133 675 1196 nasci
691 1133 794 1196 alium
817 1133 978 1215 potuisse,
1001 1133 1059 1216 qui
1082 1132 1285 1195 Tarentinus
1301 1152 1353 1195 es·

267 1238 330 1296 set.
373 1231 444 1296 Ant
457 1233 670 1298 Tarentinum
685 1233 796 1299 iacere
813 1234 958 1298 Ennium
974 1234 1134 1298 maluisse
1160 1233 1351 1309 Eusebium,

247 1359 248 1364 ¹
268 1335 457 1417 quanquam
473 1333 605 1398 Rudius
620 1340 720 1412 esset,
735 1333 827 1417 qnod
848 1335 893 1398 oh
915 1334 982 1398 loci
998 1334 1234 1398 obscuritatem
1249 1353 1270 1397 a
1284 1333 1353 1416 ple-

269 1435 383 1517 risque
402 1436 566 1517 regionem
588 1435 623 1498 in
649 1455 718 1518 qna
740 1441 839 1500 natus
862 1442 953 1499 esset
973 1437 1153 1518 ignoratam
1169 1435 1211 1498 iri
1226 1452 1353 1498 verere-

266 1544 332 1614 tur,
355 1556 432 1619 qune
442 1537 562 1618 'palam
584 1535 676 1600 fieret
690 1536 837 1602 Tarento
853 1537 1035 1614 nominato,
1049 1537 1093 1601 ob
1108 1536 1199 1600 urbis
1214 1534 1352 1600 celebri·

266 1644 375 1704 tatem.
419 1637 519 1714 Nam,
533 1643 571 1702 nt
585 1637 705 1702 Strabo
719 1639 805 1703 libro
821 1657 892 1702 snae
908 1637 1131 1722 Geogrnphiee
1153 1642 1250 1701 sexto
1271 1654 1353 1700 anc-

264 1744 314 1803 tor
333 1746 396 1816 est,
418 1745 542 1821 praeter
554 1739 734 1804 Tarentum
749 1745 782 1804 et
797 1737 1022 1805 Brundusium
1047 1740 1183 1822 reliqum
1201 1738 1353 1822 lapigiae,

247 1875 249 1880 .
268 1840 341 1904 sive
358 1839 521 1905 Calabriae
536 1840 637 1904 nrbes
650 1841 802 1906 cladibus
817 1840 950 1906 afflicta
974 1843 1008 1906 in
1025 1841 1151 1925 oppida
1165 1839 1286 1922 exigua
1298 1840 1354 1905 de-

266 1947 510 2024 generaverant,
532 1961 599 2024 quo
615 1947 770 2024 spectans
784 1939 870 2006 sorte
884 1940 1003 2007 Cicero
1017 1937 1060 2006 de
1084 1941 1190 2006 Ennio
1215 1960 1275 2023 pro
1290 1939 1355 2006 Ar·

267 2044 345 2109 chia
359 2062 494 2108 causam
509 2061 611 2123 agens
636 2043 742 2106 dixit:
766 2043 877 2126 ‘Ergo
901 2044 1013 2121 istum,
1037 2044 1095 2126 qui
1118 2043 1191 2108 haec
1214 2043 1352 2118 iecerat,

148 2231 151 2238 Ι
267 2145 414 2210 Rodium
429 2144 591 2208 hominem
605 2144 750 2228 majores
768 2146 871 2210 nostri
895 2145 929 2208 in
950 2145 1119 2210 civitatem
1140 2149 1351 2226 receperunt:

267 2266 329 2312 nos
343 2247 431 2311 bnnc
450 2245 701 2312 Heracliensem
715 2245 758 2310 de
772 2252 887 2312 nostra
901 2246 1036 2311 civitate
1050 2246 1220 2330 ejiciemus
1229 2243 1255 2307 l'
1287 2242 1353 2308 Vel

268 2348 357 2433 quod
371 2366 449 2430 agro
459 2347 711 2412 Tarentinorum
723 2347 808 2414 sorte
820 2349 944 2414 Rudiae
955 2348 1112 2430 ascriptae
1123 2347 1239 2423 forent,
1251 2345 1354 2410 iidem

265 2452 307 2515 ab
327 2448 476 2513 Eusebio
501 2447 644 2511 Ennium
659 2448 875 2538 Tarentinum
897 2469 971 2514 esse
993 2449 1116 2539 iactum
1142 2447 1358 2522 affirmarent,

266 2552 355 2614 sicut
369 2548 547 2625 Catullum,
560 2549 616 2632 qui
628 2556 733 2614 semet
743 2551 818 2633 ipse
833 2552 867 2614 in
882 2552 992 2616 insula
1006 2550 1133 2614 Benaci
1147 2557 1263 2614 natum
1276 2569 1351 2614 esse

264 2657 412 2727 testatur,
428 2648 573 2714 Veronae
588 2651 622 2714 in
637 2652 746 2718 lucem
761 2651 886 2717 editum
902 2672 977 2717 esse
992 2651 1081 2717 idem
1094 2651 1261 2715 Eusebius
1277 2670 1354 2734 pro·

265 2751 378 2816 sessus
393 2760 455 2830 est,
469 2771 534 2816 non
550 2753 712 2834 ignoravit
727 2752 860 2819 Rudias
875 2753 1041 2818 Calabriae
1056 2750 1254 2835 oppidulum
1267 2771 1352 2830 esse,

269 2853 359 2937 quod
371 2855 546 2919 Ptolemaei
557 2856 741 2920 imitatione
758 2855 925 2920 Rhodiam
940 2860 1050 2932 vocat,
1065 2841 1168 2937 paulo
1182 2860 1259 2936 post
1273 2856 1354 2920 scri-

265 2957 359 3031 bens,
370 2957 575 3039 quorundam
588 2959 743 3040 opinione
758 2958 855 3021 Ennii
870 2977 949 3022 ossa
962 2975 1006 3022 ex
1017 2955 1039 3021 J
1041 2955 1172 3020 aniculo
1184 2954 1354 3020 Rhodiam

128 3103 132 3112 .
265 3075 342 3120 esse
356 3057 529 3123 translata.
573 3057 640 3122 Sed
658 3061 724 3125 sint
737 3060 809 3124 haec
825 3061 937 3124 omnia
950 3079 1014 3124 nnn
1029 3057 1130 3122 dubia
1143 3057 1243 3122 modo
1258 3060 1355 3122 etin·

265 3163 365 3234 certa,
387 3176 497 3223 veram
519 3159 619 3222 etiam
642 3158 738 3237 falsa,
761 3161 887 3225 adeone
910 3162 1036 3243 hospes
1059 3160 1093 3223 in
1122 3158 1258 3222 Eusebii
1285 3159 1354 3224 lec-

265 3260 355 3324 tione
370 3257 540 3324 Pentheus
553 3268 635 3338 erat,
657 3261 743 3325 adeo
757 3262 891 3343 ignarus
908 3263 952 3327 D.
970 3262 1169 3344 Hieronymi
1183 3261 1353 3343 praelatio-

264 3363 326 3439 nis,
343 3379 420 3444 quae
435 3362 513 3426 huic
526 3364 685 3428 volumini
701 3364 844 3446 praefixa
859 3373 920 3441 est,
936 3372 986 3441 ut,
1001 3363 1090 3446 quod
1101 3364 1134 3426 iu
1149 3381 1191 3428 ea
1205 3362 1263 3426 ille
1279 3363 1353 3445 ipse

264 3469 379 3528 auctor
404 3464 588 3546 profitetur,
614 3465 743 3530 nesciat
768 3466 876 3532 multa
902 3465 943 3529 ad
969 3463 1138 3530 historiam
1164 3462 1352 3527 Romanam

264 3565 466 3648 pertinentia
483 3565 715 3642 admiscuisse,
738 3585 813 3649 qnae
827 3566 907 3632 licct
921 3583 984 3628 non
998 3565 1160 3645 ignoraret
1175 3561 1353 3642 Eusebius,

265 3665 353 3748 quod
378 3669 496 3728 tumen
512 3664 633 3730 Graece
660 3668 829 3745 scriberet,
858 3685 1040 3750 parumque
1066 3665 1138 3730 suis
1162 3666 1354 3730 necessaria

264 3773 357 3830 esset
371 3766 560 3844 arbitratus,
575 3769 814 3850 praeteriissett
869 3768 1002 3847 Quibus
1018 3766 1065 3843 lit,
1088 3775 1127 3830 ut
1146 3784 1189 3829 an
1204 3765 1352 3830 Eusebio

264 3869 395 3952 potius,
408 3887 509 3951 quam
533 3868 577 3932 D.
594 3867 802 3952 Hieronymo
818 3869 905 3948 haec,
919 3891 996 3953 quie
1011 3870 1052 3934 de
1064 3863 1176 3932 Plinio
1191 3865 1355 3945 dicuntur,

263 3970 386 4034 ascribi
402 3970 554 4046 debeant,
576 3969 700 4034 incerta
720 3971 916 4036 deliberatio
941 3973 996 4048 sit,
1018 3971 1109 4053 iique
1133 3986 1249 4052 parum
1274 3985 1352 4048 pru·

265 4072 377 4138 denter
391 4071 515 4136 iecisse
530 4069 714 4149 videantur,
735 4073 793 4155 qui
819 4073 853 4136 in
879 4072 1060 4137 Eusebium
1077 4079 1164 4134 certo
1180 4089 1221 4134 ea
1235 4068 1354 4132 retule-

264 4180 350 4238 runt.
380 4173 507 4238 Verum
522 4172 703 4250 enimvero,
716 4192 787 4260 quc
804 4176 901 4240 vobis
913 4173 1071 4251 maxime,
1086 4170 1257 4239 lectissimi
1272 4169 1356 4234 ado-
