3016 4876
259 411 303 478 52
600 423 648 474 nn
669 425 704 474 c.
728 423 849 473 rursu
874 423 1017 473 runata

257 579 348 638 tores
364 567 507 636 Panthei
520 571 560 632 nt
573 565 760 642 admittant,
782 584 849 630 nou
868 572 953 649 puto
967 566 1054 630 adeo
1068 565 1253 631 oscitantes
1267 566 1349 645 lore,

259 692 329 755 quo
338 673 416 736 nihil
429 675 486 735 ant
497 670 650 735 Pantheo
659 669 768 751 magis
778 668 1022 747 adversariant
1030 667 1350 734 Novocomensihns

257 775 345 838 meis
366 773 478 837 favere
498 771 607 853 magis
628 771 753 853 possit,
771 769 919 834 defuisse
941 769 1139 835 Praelationi
1157 769 1261 833 Plinii
1281 787 1352 834 ver·

258 876 340 939 bum
359 874 455 950 illud,
475 871 567 956 qnod
586 872 687 936 totius
710 872 946 936 controversia
965 879 1070 954 capnt
1090 877 1153 948 est,
1178 879 1213 936 et
1233 871 1353 935 lunda·

259 983 410 1040 mentum
425 975 488 1038 sihi
504 993 526 1038 a
540 972 692 1038 Pantheo
706 973 871 1056 opinionis
885 991 957 1037 suae
976 974 1205 1038 constitutum.
1236 971 1352 1037 Voca-

259 1077 345 1141 verit
367 1077 467 1159 igitur
490 1074 625 1138 Plinius
646 1083 878 1137 conterraneum
903 1095 1001 1140 sunm
1021 1073 1202 1151 Catullum,
1225 1092 1269 1138 an
1290 1073 1352 1140 hoc

258 1180 396 1242 verbum
412 1195 489 1241 cum
503 1173 685 1240 Francisco
702 1175 881 1240 Petrnrcha
891 1183 927 1240 et
939 1175 1091 1240 Pantheo
1104 1175 1274 1260 ‘ejusdem
1285 1184 1352 1241 ter·

258 1276 387 1355 ritorii,'
400 1285 458 1340 aut
471 1275 644 1358 ‘ejusdem
656 1275 856 1358 pruvinciee’
871 1293 948 1340 cum
963 1275 1144 1341 Hermolao
1157 1277 1307 1342 Barbare
1318 1285 1352 1343 et

259 1379 394 1444 Andron
411 1377 557 1452 Alciato,
573 1375 628 1440 vel
643 1377 739 1441 tertio
755 1376 898 1459 quodum
915 1377 1026 1455 modo,
1039 1377 1182 1442 Serenus
1192 1379 1350 1463 iuterpre-

258 1487 348 1546 tatus
360 1479 436 1543 estl
479 1479 516 1541 Si
530 1479 639 1559 primo
654 1479 765 1554 modo,
780 1497 855 1542 cum
879 1476 1049 1544 Catullum
1068 1479 1171 1542 tuisse
1186 1477 1353 1543 Veronen-

258 1601 332 1646 sem
356 1599 456 1644 nemo
480 1578 632 1655 nesciret,
656 1581 804 1661 seqnitur
826 1586 898 1643 tum
924 1580 1155 1662 gruussimurn
1179 1586 1352 1643 veternum

243 1683 420 1747 -Serennrn
442 1698 644 1762 occupasse,
659 1697 733 1744 cnm
755 1681 921 1745 allocutus
941 1683 1175 1763 imperatorem
1193 1679 1351 1744 Severum

259 1785 344 1848 dnos
359 1783 500 1859 Plinius,
512 1781 735 1845 Veroneusem
744 1799 785 1845 ac
797 1781 1097 1859 Novocomeusem,
1113 1781 1221 1865 patria
1233 1799 1352 1862 quarn·

259 1883 314 1947 vis
329 1881 516 1956 distinctos,
532 1880 674 1944 nominis
685 1899 727 1944 ac
739 1881 947 1961 cognominis
957 1881 1174 1945 similitudine
1184 1880 1351 1960 inductus,

259 2001 362 2048 nuum
376 2000 453 2046 esse
467 1979 675 2061 ineptissime
690 1980 849 2044 achardo
864 1986 916 2043 est
930 1986 1188 2062 argumentatus.
1232 1979 1304 2058 Qui
1320 1982 1351 2047 si

260 2089 320 2148 ant
338 2083 441 2146 altero
453 2079 563 2157 modo,
580 2085 637 2144 ant
651 2081 757 2156 tertio,
773 2081 868 2144 verbi
884 2081 1104 2163 significatum
1115 2081 1260 2166 accepit,
1272 2099 1352 2146 con·

261 2183 359 2247 vulso
387 2179 563 2266 praecipuo
586 2199 657 2244 suae
680 2180 851 2264 opinionis
876 2180 1107 2259 fundamento,
1137 2201 1178 2247 ac
1201 2181 1352 2246 funditus

258 2303 391 2362 everso,
406 2284 449 2347 ds
463 2282 572 2365 patria
584 2281 688 2346 Plinii
704 2281 739 2345 N
741 2281 1020 2346 ovoccmcnsibns
1030 2284 1116 2347 meis
1127 2281 1272 2347 Panthei
1279 2283 1352 2348 fau·

258 2391 312 2450 tor
326 2385 471 2449 desierat
492 2383 637 2464 posthac
659 2399 736 2446 esse
758 2382 936 2447 molestus.
977 2383 1068 2462 Quis
1090 2383 1178 2448 eninr
1199 2383 1284 2448 adeo
1299 2385 1353 2448 rel

258 2486 359 2568 inops
373 2483 518 2561 consilii,
533 2483 587 2547 uel
614 2481 759 2547 Panthei
778 2483 891 2548 tantm
910 2483 1044 2567 J'uratus
1062 2502 1141 2548 esse
1163 2485 1282 2567 possit,
1315 2491 1353 2549 ut

258 2585 300 2648 de
314 2584 407 2648 verbi
429 2583 539 2648 Latini
554 2582 743 2663 significum
766 2583 946 2649 Francisco
962 2579 1154 2649 Petrarchee
1174 2584 1252 2667 plns
1272 2582 1352 2648 tidei

258 2685 424 2760 adhibeat,
438 2703 479 2748 ac
492 2685 622 2748 tribnat
635 2686 857 2762 auctoritatis,
872 2703 971 2768 qnam
983 2686 1135 2750 Sereno'l
1180 2683 1269 2762 Quis
1281 2683 1354 2748 He·

258 2791 406 2849 mecum
426 2784 544 2854 virum,
569 2783 644 2848 rudi
666 2783 728 2847 illu
749 2786 877 2850 seculo
902 2793 1030 2863 uatum,
1052 2803 1119 2869 qno
1149 2785 1272 2849 Latina
1286 2783 1350 2848 lin·

258 2904 326 2968 gna
342 2885 479 2968 jacebat
492 2903 590 2966 paene
606 2885 769 2961 extincta,
790 2891 892 2970 atque
914 2887 950 2950 in
973 2885 1145 2952 Hetrusca
1159 2885 1350 2965 educatum,

258 2985 393 3059 Sereno,
414 3002 481 3047 uno
502 2983 562 3047 vix
588 2983 717 3048 saecnlo
745 2984 857 3049 Plinio
888 2987 1080 3069 posteriori,
1111 2988 1168 3070 qni
1197 2985 1352 3051 latinam

257 3085 404 3168 Ιὶυςηαιιι
430 3103 507 3148 cum
534 3083 624 3148 laete
646 3083 829 3163 hausisset,
850 3100 957 3169 eaque
982 3094 1052 3151 tom
1076 3087 1223 3152 imbutus
1248 3094 1351 3165 esset,

258 3185 530 3268 cumplurimum
545 3185 675 3266 antiqui
689 3185 875 3268 splendoris
889 3186 999 3251 adhuc
1013 3187 1178 3266 retineret,
1190 3189 1225 3251 in
1236 3187 1352 3255 Latin

258 3287 348 3352 vahl
376 3305 455 3351 vera
483 3284 741 3368 significatione·
754 3305 829 3350 esse
862 3287 1130 3370 anteponendum
1158 3288 1349 3353 existimati

260 3386 359 3465 Quis,
373 3386 450 3464 hoc,
466 3384 554 3463 dico,
571 3385 705 3463 sentiat,
720 3386 787 3450 nisi
803 3387 861 3470 qui
875 3406 937 3470 pro
958 3388 1099 3453 consitio
1119 3389 1351 3472 pertinaciam,

230 3571 232 3576 Ι
257 3505 320 3569 pre
333 3487 461 3550 ratione
475 3505 553 3550 vern
574 3487 735 3568 ineptiam
757 3489 916 3570 amplecti
938 3489 1003 3553 sibi
1024 3491 1219 3558 inanimum
1235 3509 1351 3555 amen·

257 3587 388 3650 haume
407 3585 604 3652 induxeritl
651 3585 815 3668 Opinione
829 3589 928 3669 igitur
942 3607 1018 3654 mea
1034 3609 1102 3654 nou
1115 3591 1205 3655 idem
1218 3611 1351 3674 praeno-

255 3705 345 3764 men,
367 3705 501 3764 nomen,
516 3707 557 3751 ac
571 3705 751 3769 cognomen
766 3687 898 3751 Seniori
911 3688 1110 3775 tutiorique
1132 3691 1243 3756 Plinio
1257 3713 1350 3758 conr-

255 3805 355 3852 mune
370 3786 529 3851 Serenum
555 3787 690 3868 inlellit3
714 3788 775 3852 sed
791 3807 866 3852 cunr
886 3787 938 3853 his
959 3790 1090 3872 utrique
1102 3793 1220 3857 eadem
1237 3795 1349 3877 putria

256 3887 443 3954 communis
458 3887 610 3965 Comum,
622 3888 744 3966 effecit,
756 3895 792 3952 ut
805 3890 869 3953 hoc
883 3891 1015 3955 nomine
1028 3891 1068 3957 C.
1085 3892 1189 3958 Plinii
1199 3895 1348 3959 Secundi

255 4008 372 4068 unum,
387 4009 453 4053 non
466 3990 550 4054 dnos
565 3991 745 4070 scriptores
760 3989 940 4072 significari
954 3993 1176 4059 arbitraretur.

298 4091 409 4157 Simili
431 4092 465 4155 in
485 4109 591 4156 errore
617 4089 799 4155 Eusebium
829 4091 1087 4174 deprehendisse
1115 4096 1284 4161 Pentheus
1309 4115 1347 4162 se
