3016 4876
273 349 316 416 78
613 361 663 410 Μ
684 361 717 411 0.
741 363 859 411 enisu
884 365 1023 416 assurt

141 559 143 566 .
274 509 393 588 scirem
408 506 608 572 Punvininm
622 507 656 570 in
672 508 807 592 antiqua
822 507 1047 574 Romanorum
1058 513 1266 596 exploranda
1277 531 1357 579 con·

271 610 444 675 suetudine
460 628 589 674 summo
604 609 715 675 studio
731 611 934 690 incubuisse,
949 611 1048 678 facile
1062 615 1250 698 suspicarer
1265 615 1299 680 in
1314 633 1355 679 ea

271 715 383 797 ipsum
398 711 556 795 opinione
575 711 692 788 fuisse,
708 719 745 775 ut
759 713 972 776 arbitraretur
988 713 1076 777 tilios
1094 715 1273 797 adoptivos
1287 715 1355 778 dis·

192 897 194 904 y
272 814 444 879 tinctionis
458 813 563 894 gratia
575 831 704 896 semper
715 813 846 896 paterni
864 815 1091 895 praenourinis,
1109 814 1201 899 quod
1217 833 1261 879 ex
1283 815 1356 897 lege

271 916 436 980 consecuti
458 914 609 990 fuissent,
632 913 830 990 meminisse,
844 913 972 995 hocque
994 915 1209 979 fundamento
1232 915 1356 979 adduc-

271 1021 338 1080 tum
354 1035 414 1098 pro
429 1011 598 1096 Luciifilio
612 1015 644 1077 in
658 1015 871 1097 inscriptione
886 1015 988 1079 Plinii
1004 1013 1155 1098 Caiifitio
1169 1016 1355 1099 scripsisse.

271 1115 372 1180 Nunc
382 1116 536 1198 quoniam
550 1116 583 1180 in
598 1114 662 1178 boc
677 1134 795 1196 genere
809 1115 910 1180 studii
926 1134 1001 1180 oum
1015 1115 1117 1181 laude
1131 1108 1352 1196 consenuerit,

270 1215 390 1280 mutati
411 1215 636 1301 praenominis,
651 1234 750 1297 quam
774 1234 862 1293 eum,
884 1217 1028 1281 scribam
1050 1217 1128 1281 volo
1149 1217 1263 1300 potius
1285 1217 1353 1280 fieri

270 1321 461 1398 auctorem3
484 1325 518 1382 et
535 1335 610 1381 curn
633 1317 740 1380 omnis
757 1337 834 1401 qum
850 1317 959 1394 Comi,
974 1339 1050 1402 quas
1066 1317 1174 1400 segis,
1188 1337 1264 1402 quar
1279 1317 1354 1383 Me-

269 1417 395 1482 diolani
419 1419 454 1482 in
478 1417 542 1481 boc
567 1417 745 1501 Inscriptio
768 1419 899 1501 legitur,
922 1418 1103 1485 ‘Lucium’
1127 1419 1260 1497 babeat,
1279 1420 1353 1502 ejus

268 1520 346 1583 loco
368 1518 453 1583 falso
475 1517 636 1583 ‘Caium'
657 1519 780 1584 dictum
795 1539 870 1583 esse
892 1521 1097 1596 existimare,
1112 1538 1153 1584 ac
1168 1539 1227 1602 pro
1250 1521 1351 1601 patris

268 1620 429 1685 naturalis
443 1623 654 1703 prenomine,
672 1620 758 1704 ejus,
773 1640 871 1703 quem
887 1621 946 1687 lex
959 1621 1105 1685 dedisset
1115 1627 1254 1703 patrem,
1266 1639 1351 1702 prae·

267 1739 386 1784 nomen
399 1739 472 1785 esse
485 1721 713 1786 substitutum.
749 1721 834 1785 Cum
849 1722 937 1785 enim
951 1721 1107 1804 exempla
1121 1721 1277 1785 nonnulla
1292 1740 1351 1785 ex-

268 1828 346 1894 tent,
359 1821 471 1904 qualia
493 1827 629 1886 secutus
649 1820 834 1886 Panrinins
857 1822 962 1903 patris
977 1821 1162 1898 voluntarii,
1176 1839 1240 1886 non
1255 1827 1350 1886 natu·

264 1923 356 2000 ralis,
384 1923 587 2006 praenomine
609 1922 696 1986 filios
717 1923 899 2006 adoptivos
929 1923 1090 2004 distingui
1116 1923 1348 1998 consuevisse,

263 2023 433 2105 ‚conjicere
448 2024 611 2106 potuerit;
642 2042 707 2087 nou
726 2023 844 2087 desunt
859 2023 935 2100 alia,
950 2023 1073 2106 quibus
1088 2030 1248 2106 appareat
1261 2022 1350 2086 filios

264 2123 445 2206 adoptivos
460 2122 563 2206 patris
573 2123 731 2187 naturalis
747 2123 963 2206 praenomine,
979 2143 1077 2206 quem
1092 2129 1218 2206 patrem
1233 2129 1350 2186 natura

265 2225 410 2289 dedisset
422 2225 599 2303 indicasse,
615 2231 651 2289 et
665 2243 708 2289 eo
723 2224 881 2306 distingui
896 2224 1066 2288 maluisse.
1093 2223 1133 2287 L.
1148 2222 1349 2305 Calpurnius

266 2323 350 2390 Piso
366 2325 540 2390 Caesouius
556 2345 577 2389 a
592 2324 631 2388 1..
646 2324 828 2407 Calpurnio
844 2324 968 2389 Pisone
982 2324 1161 2410 adoptatus
1178 2323 1273 2388 ‘Caii
1288 2322 1349 2387 fili·

264 2425 325 2488 ns'
347 2433 380 2491 et
402 2425 500 2490 ‘caii
516 2423 641 2508 nepos’
655 2425 775 2491 dicitur
793 2444 816 2489 a
830 2423 950 2490 Verrio
969 2425 1004 2488 in
1020 2423 1219 2509 Capitolinis
1235 2423 1348 2488 Fastis

264 2525 373 2591 adbuc
387 2527 421 2590 in
434 2527 498 2591 boc
512 2527 587 2591 loco
603 2526 751 2609 integris,
763 2527 822 2610 qui
836 2526 1030 2609 adoptionis
1042 2545 1144 2591 cansa
1157 2523 1251 2588 Lucii
1254 2523 1348 2608 filius

264 2626 333 2692 dici
355 2627 523 2692 debuerat.
567 2627 757 2706 Quinetiam
775 2627 821 2706 Q.
837 2628 980 2692 Fabium
1001 2627 1189 2692 Maximum
1216 2626 1348 2691 Rullia-

261 2745 340 2790 num
363 2747 386 2790 a
409 2726 537 2805 Quinto
558 2727 755 2810 adoptatum
778 2727 915 2792 Verrius
939 2728 974 2791 in
998 2727 1123 2793 tabulis
1147 2727 1346 2809 Capitolinis

262 2825 392 2892 ‘Marci
407 2826 530 2892 filium'
543 2827 700 2914 appellat,
714 2829 803 2911 qnod
819 2828 995 2910 inpetrem
1011 2847 1055 2892 ex
1070 2827 1145 2909 lege
1156 2826 1285 2892 dictum
1294 2845 1346 2890 re·

260 2927 337 2991 ferri
357 2946 425 2992 non
446 2923 566 3011 potest.
610 2925 731 3010 Neque
753 2945 831 2992 vero
846 2946 1036 3010 praenomen
1051 2927 1151 2992 modo
1167 2929 1273 3010 patris
1288 2947 1345 2992 na·

260 3028 378 3092 taralis
394 3029 540 3094 additum
556 3028 625 3092 filio
640 3029 673 3092 in
685 3029 901 3112 adoptionem
913 3027 992 3093 dato
1004 3029 1272 3106 observavimus,
1288 3047 1355 3117 ves

259 3149 332 3193 rum
346 3130 446 3198 etiarn
461 3129 673 3212 praenominis
687 3129 764 3194 loco
780 3129 974 3212 appositum
993 3147 1187 3210 cognomen,
1203 3134 1241 3192 ut
1255 3130 1287 3192 in
1304 3129 1344 3194 P.

260 3229 415 3296 Cornelio
431 3230 590 3314 Scipione
605 3228 765 3295 Africano
777 3229 972 3307 AEmiliano,
986 3231 1044 3313 qui
1058 3234 1152 3312 patre
1168 3236 1263 3294 natus
1279 3229 1345 3294 Lu·

145 3413 147 3420 y
258 3332 313 3396 cio
329 3331 467 3396 AEmilio
489 3330 609 3408 Paulo,
626 3329 758 3396 Velleio
777 3331 950 3396 Paterculo
971 3337 1107 3394 auctore
1123 3329 1208 3393 libro
1223 3330 1343 3411 primo,

259 3432 360 3496 datus
373 3434 409 3496 in
423 3432 636 3516 adoptionem
654 3432 743 3496 lilius
758 3431 798 3496 P.
813 3430 967 3495 cornelio
983 3429 1143 3512 Scipioni,
1157 3430 1191 3492 in
1206 3431 1343 3512 antiqua

257 3534 471 3616 inscriptione
496 3533 615 3597 Romae
640 3532 764 3596 ‘Pauli
789 3530 896 3596 iilius’
919 3529 1051 3607 dicitur,
1077 3548 1143 3594 non
1168 3529 1293 3609 Publii,
1310 3533 1343 3596 in

257 3633 344 3698 bunc
359 3634 515 3698 modum:
540 3651 571 3697 r.
586 3649 798 3697 ooausnrvs
816 3647 927 3696 snvnr
946 3649 976 3696 s.
990 3645 1111 3695 serato
1126 3645 1340 3696 ssurcsuvs

257 3749 334 3799 cos.
359 3751 397 3798 rr.
419 3749 547 3798 svers
569 3749 838 3798 rarvnrnavrr
861 3747 902 3796 ιι.
947 3729 1035 3808 Qua
1049 3749 1104 3794 res
1121 3729 1211 3808 tacit,
1228 3738 1267 3794 nt
1288 3751 1342 3796 ue·

256 3835 373 3914 sciam,
388 3853 446 3900 cnr
459 3835 509 3896 vir
528 3835 741 3915 gravissimus
762 3832 918 3914 Sigonius
935 3833 1154 3908 restituturus,
1169 3850 1246 3913 qnae
1262 3831 1341 3894 deti·

255 3937 349 4001 ciunt
363 3935 405 4000 ab
424 3935 619 4017 antiquitate
640 3934 768 3999 abolita
787 3935 820 3996 in
847 3931 971 3999 tabulis
993 3930 1194 4013 Capitolinis
1217 3932 1253 3995 in
1275 3931 1339 3998 boc

255 4037 426 4115 Africano,
437 4035 570 4114 dixerit,
585 4033 644 4098 ‘P.
661 4033 836 4099 Gomelins
845 4033 886 4098 P.
899 4031 940 4097 F.
956 4030 996 4095 P.
1012 4028 1057 4093 N.
1073 4029 1191 4114 Scipio
1205 4031 1337 4098 Africa·

254 4156 316 4204 nus
329 4136 554 4220 AEmilianus,'
575 4137 640 4204 nisi
653 4139 727 4222 ipse
743 4153 878 4222 quoqne
893 4133 998 4217 patris
1013 4131 1192 4198 voluntarii
1206 4151 1339 4218 prseno·
