<?xml version="1.0" encoding="UTF-8"?>
<!DOCTYPE html PUBLIC "-//W3C//DTD XHTML 1.0 Transitional//EN"
    "http://www.w3.org/TR/xhtml1/DTD/xhtml1-transitional.dtd">
<html xmlns="http://www.w3.org/1999/xhtml" xml:lang="en" lang="en">
 <head>
  <title>
</title>
<meta http-equiv="Content-Type" content="text/html;charset=utf-8" />
  <meta name='ocr-system' content='tesseract 3.04.00' />
  <meta name='ocr-capabilities' content='ocr_page ocr_carea ocr_par ocr_line ocrx_word'/>
</head>
<body>
  <div class='ocr_page' id='page_1' title='image "./cpliniisecundin09brotgoog_0391.png"; bbox 0 0 3056 4878; ppageno 0'>
   <div class='ocr_carea' id='block_1_1' title="bbox 279 374 1002 440">
    <p class='ocr_par' dir='ltr' id='par_1_1' title="bbox 279 374 1002 440">
     <span class='ocr_line' id='line_1_1' title="bbox 279 374 1002 440; baseline 0.006 -9"><span class='ocrx_word' id='word_1_1' title='bbox 279 374 344 440; x_wconf 81' lang='grc'><strong>380</strong></span> <span class='ocrx_word' id='word_1_2' title='bbox 642 388 674 435; x_wconf 85' lang='lat' dir='ltr'><strong>c.</strong></span> <span class='ocrx_word' id='word_1_3' title='bbox 699 386 816 436; x_wconf 77' lang='lat' dir='ltr'><strong>curun</strong></span> <span class='ocrx_word' id='word_1_4' title='bbox 840 387 1002 438; x_wconf 76' lang='lat' dir='ltr'><strong>suornm</strong></span> 
     </span>
    </p>
   </div>
   <div class='ocr_carea' id='block_1_2' title="bbox 281 529 1370 2129">
    <p class='ocr_par' dir='ltr' id='par_1_2' title="bbox 281 529 1370 2129">
     <span class='ocr_line' id='line_1_2' title="bbox 324 529 1365 613; baseline 0.002 -19"><span class='ocrx_word' id='word_1_5' title='bbox 324 547 389 595; x_wconf 72' lang='lat' dir='ltr'><strong>nr.</strong></span> <span class='ocrx_word' id='word_1_6' title='bbox 412 529 523 595; x_wconf 86' lang='lat' dir='ltr'><strong>Multa</strong></span> <span class='ocrx_word' id='word_1_7' title='bbox 538 529 647 612; x_wconf 84' lang='lat' dir='ltr'><strong>promi</strong></span> <span class='ocrx_word' id='word_1_8' title='bbox 663 529 806 611; x_wconf 86' lang='lat' dir='ltr'><strong>amplius</strong></span> <span class='ocrx_word' id='word_1_9' title='bbox 821 531 911 594; x_wconf 87' lang='lat' dir='ltr'><strong>cirea</strong></span> <span class='ocrx_word' id='word_1_10' title='bbox 924 530 996 594; x_wconf 81' lang='lat' dir='ltr'><strong>baec</strong></span> <span class='ocrx_word' id='word_1_11' title='bbox 1012 537 1151 613; x_wconf 76' lang='lat' dir='ltr'><strong>possunt</strong></span> <span class='ocrx_word' id='word_1_12' title='bbox 1165 537 1297 596; x_wconf 85' lang='lat' dir='ltr'><strong>secreta</strong></span> <span class='ocrx_word' id='word_1_13' title='bbox 1308 549 1365 596; x_wconf 84' lang='lat' dir='ltr'><strong>nu·</strong></span> 
     </span>
     <span class='ocr_line' id='line_1_3' title="bbox 281 630 1365 715; baseline -0.001 -17"><span class='ocrx_word' id='word_1_14' title='bbox 281 639 373 709; x_wconf 81' lang='lat' dir='ltr'><strong>torae,</strong></span> <span class='ocrx_word' id='word_1_15' title='bbox 388 632 555 714; x_wconf 80' lang='lat' dir='ltr'><strong>legesque,</strong></span> <span class='ocrx_word' id='word_1_16' title='bbox 580 631 702 713; x_wconf 88' lang='lat' dir='ltr'><strong>quibus</strong></span> <span class='ocrx_word' id='word_1_17' title='bbox 721 630 796 715; x_wconf 85' lang='lat' dir='ltr'><strong>ipsu</strong></span> <span class='ocrx_word' id='word_1_18' title='bbox 815 633 947 696; x_wconf 85' lang='lat' dir='ltr'><strong>serviat.</strong></span> <span class='ocrx_word' id='word_1_19' title='bbox 992 631 1149 715; x_wconf 82' lang='lat' dir='ltr'><strong>Exempli</strong></span> <span class='ocrx_word' id='word_1_20' title='bbox 1174 633 1304 714; x_wconf 80' lang='lat' dir='ltr'><strong>gratia:</strong></span> <span class='ocrx_word' id='word_1_21' title='bbox 1332 634 1365 696; x_wconf 88' lang='lat' dir='ltr'><strong>in</strong></span> 
     </span>
     <span class='ocr_line' id='line_1_4' title="bbox 283 730 1365 814; baseline 0.003 -19"><span class='ocrx_word' id='word_1_22' title='bbox 283 732 405 797; x_wconf 83' lang='lat' dir='ltr'><strong>Martis</strong></span> <span class='ocrx_word' id='word_1_23' title='bbox 427 730 547 810; x_wconf 81' lang='lat' dir='ltr'>sidere,</span> <span class='ocrx_word' id='word_1_24' title='bbox 570 731 666 814; x_wconf 88' lang='lat' dir='ltr'><strong>eujus</strong></span> <span class='ocrx_word' id='word_1_25' title='bbox 691 737 743 796; x_wconf 90' lang='lat' dir='ltr'><strong>est</strong></span> <span class='ocrx_word' id='word_1_26' title='bbox 763 733 909 796; x_wconf 81' lang='lat' dir='ltr'><strong>maxime</strong></span> <span class='ocrx_word' id='word_1_27' title='bbox 931 732 1211 798; x_wconf 83' lang='lat' dir='ltr'><strong>inobservabilis·</strong></span> <span class='ocrx_word' id='word_1_28' title='bbox 1238 752 1365 809; x_wconf 87' lang='lat' dir='ltr'><strong>cursus,</strong></span> 
     </span>
     <span class='ocr_line' id='line_1_5' title="bbox 281 830 1365 916; baseline -0.001 -19"><span class='ocrx_word' id='word_1_29' title='bbox 281 852 452 916; x_wconf 84' lang='lat' dir='ltr'><strong>nunquam</strong></span> <span class='ocrx_word' id='word_1_30' title='bbox 464 833 499 897; x_wconf 95' lang='lat' dir='ltr'><strong>id</strong></span> <span class='ocrx_word' id='word_1_31' title='bbox 514 835 693 898; x_wconf 88' lang='lat' dir='ltr'><strong>stationem</strong></span> <span class='ocrx_word' id='word_1_32' title='bbox 704 833 834 897; x_wconf 78' lang='lat' dir='ltr'><strong>fauere¹</strong></span> <span class='ocrx_word' id='word_1_33' title='bbox 850 830 948 896; x_wconf 83' lang='lat' dir='ltr'><strong>Joris</strong></span> <span class='ocrx_word' id='word_1_34' title='bbox 959 831 1086 896; x_wconf 78' lang='lat' dir='ltr'><strong>sidereb</strong></span> <span class='ocrx_word' id='word_1_35' title='bbox 1103 835 1280 916; x_wconf 86' lang='lat' dir='ltr'><strong>triquetro;</strong></span> <span class='ocrx_word' id='word_1_36' title='bbox 1296 851 1365 896; x_wconf 91' lang='lat' dir='ltr'><strong>raro</strong></span> 
     </span>
     <span class='ocr_line' id='line_1_6' title="bbox 282 932 1366 1016; baseline -0.002 -18"><span class='ocrx_word' id='word_1_37' title='bbox 282 934 463 999; x_wconf 81' lang='lat' dir='ltr'><strong>admodum</strong></span> <span class='ocrx_word' id='word_1_38' title='bbox 476 935 653 1015; x_wconf 73' lang='lat' dir='ltr'><strong>sexaginta</strong></span> <span class='ocrx_word' id='word_1_39' title='bbox 666 934 846 1016; x_wconf 76' lang='lat' dir='ltr'><strong>partibus‘</strong></span> <span class='ocrx_word' id='word_1_40' title='bbox 872 932 1032 1010; x_wconf 87' lang='lat' dir='ltr'><strong>discreto,</strong></span> <span class='ocrx_word' id='word_1_41' title='bbox 1047 933 1105 1016; x_wconf 90' lang='lat' dir='ltr'><strong>qui</strong></span> <span class='ocrx_word' id='word_1_42' title='bbox 1120 953 1273 998; x_wconf 87' lang='lat' dir='ltr'><strong>numerus</strong></span> <span class='ocrx_word' id='word_1_43' title='bbox 1288 951 1366 997; x_wconf 81' lang='lat' dir='ltr'><strong>sex·</strong></span> 
     </span>
     <span class='ocr_line' id='line_1_7' title="bbox 282 1032 1368 1117; baseline -0.003 -17"><span class='ocrx_word' id='word_1_44' title='bbox 282 1035 424 1117; x_wconf 75' lang='lat' dir='ltr'><strong>angulas</strong></span> <span class='ocrx_word' id='word_1_45' title='bbox 450 1035 562 1100; x_wconf 90' lang='lat' dir='ltr'><strong>muudi</strong></span> <span class='ocrx_word' id='word_1_46' title='bbox 584 1033 684 1100; x_wconf 90' lang='lat' dir='ltr'><strong>efficit</strong></span> <span class='ocrx_word' id='word_1_47' title='bbox 706 1036 854 1114; x_wconf 81' lang='lat' dir='ltr'><strong>iormes3</strong></span> <span class='ocrx_word' id='word_1_48' title='bbox 875 1053 939 1099; x_wconf 88' lang='lat' dir='ltr'><strong>nec</strong></span> <span class='ocrx_word' id='word_1_49' title='bbox 959 1032 1123 1113; x_wconf 71' lang='lat' dir='ltr'><strong>exortus:¹</strong></span> <span class='ocrx_word' id='word_1_50' title='bbox 1144 1035 1211 1100; x_wconf 88' lang='lat' dir='ltr'><strong>nisi</strong></span> <span class='ocrx_word' id='word_1_51' title='bbox 1231 1036 1267 1098; x_wconf 89' lang='lat' dir='ltr'><strong>in</strong></span> <span class='ocrx_word' id='word_1_52' title='bbox 1287 1033 1368 1098; x_wconf 91' lang='lat' dir='ltr'><strong>duo·</strong></span> 
     </span>
     <span class='ocr_line' id='line_1_8' title="bbox 282 1134 1368 1220; baseline -0.004 -19"><span class='ocrx_word' id='word_1_53' title='bbox 282 1138 346 1203; x_wconf 91' lang='lat' dir='ltr'><strong>bus</strong></span> <span class='ocrx_word' id='word_1_54' title='bbox 361 1136 465 1220; x_wconf 77' lang='lat' dir='ltr'><strong>signis</strong></span> <span class='ocrx_word' id='word_1_55' title='bbox 481 1141 617 1211; x_wconf 83' lang='lat' dir='ltr'><strong>taubrm,</strong></span> <span class='ocrx_word' id='word_1_56' title='bbox 635 1135 755 1200; x_wconf 84' lang='lat' dir='ltr'><strong>Generi</strong></span> <span class='ocrx_word' id='word_1_57' title='bbox 770 1144 805 1199; x_wconf 89' lang='lat' dir='ltr'><strong>et</strong></span> <span class='ocrx_word' id='word_1_58' title='bbox 818 1134 956 1214; x_wconf 80' lang='lat' dir='ltr'>Leonis,</span> <span class='ocrx_word' id='word_1_59' title='bbox 971 1134 1072 1200; x_wconf 86' lang='lat' dir='ltr'><strong>simul</strong></span> <span class='ocrx_word' id='word_1_60' title='bbox 1085 1135 1197 1201; x_wconf 85' lang='lat' dir='ltr'><strong>edere.</strong></span> <span class='ocrx_word' id='word_1_61' title='bbox 1234 1135 1368 1199; x_wconf 85' lang='lat' dir='ltr'><strong>Mercu·</strong></span> 
     </span>
     <span class='ocr_line' id='line_1_9' title="bbox 282 1235 1367 1319; baseline -0.001 -18"><span class='ocrx_word' id='word_1_62' title='bbox 282 1238 323 1302; x_wconf 91' lang='lat' dir='ltr'><strong>rii</strong></span> <span class='ocrx_word' id='word_1_63' title='bbox 335 1255 415 1302; x_wconf 80' lang='lat' dir='ltr'><strong>vero</strong></span> <span class='ocrx_word' id='word_1_64' title='bbox 431 1235 524 1301; x_wconf 87' lang='lat' dir='ltr'><strong>sidus</strong></span> <span class='ocrx_word' id='word_1_65' title='bbox 539 1239 574 1300; x_wconf 88' lang='lat' dir='ltr'><strong>in</strong></span> <span class='ocrx_word' id='word_1_66' title='bbox 589 1237 748 1302; x_wconf 82' lang='lat' dir='ltr'><strong>Piscibus</strong></span> <span class='ocrx_word' id='word_1_67' title='bbox 770 1243 904 1300; x_wconf 81' lang='lat' dir='ltr'><strong>exortus</strong></span> <span class='ocrx_word' id='word_1_68' title='bbox 924 1237 1154 1319; x_wconf 71' lang='lat' dir='ltr'><strong>vespertinos¹</strong></span> <span class='ocrx_word' id='word_1_69' title='bbox 1174 1255 1266 1300; x_wconf 78' lang='lat' dir='ltr'><strong>raros</strong></span> <span class='ocrx_word' id='word_1_70' title='bbox 1279 1235 1367 1300; x_wconf 84' lang='lat' dir='ltr'><strong>iace·</strong></span> 
     </span>
     <span class='ocr_line' id='line_1_10' title="bbox 282 1335 1368 1419; baseline -0.002 -18"><span class='ocrx_word' id='word_1_71' title='bbox 282 1357 327 1414; x_wconf 89' lang='lat' dir='ltr'><strong>re,</strong></span> <span class='ocrx_word' id='word_1_72' title='bbox 342 1339 557 1403; x_wconf 85' lang='lat' dir='ltr'><strong>creberrimos</strong></span> <span class='ocrx_word' id='word_1_73' title='bbox 571 1339 605 1402; x_wconf 88' lang='lat' dir='ltr'><strong>iu</strong></span> <span class='ocrx_word' id='word_1_74' title='bbox 619 1335 759 1419; x_wconf 85' lang='lat' dir='ltr'><strong>Virgine</strong></span> <span class='ocrx_word' id='word_1_75' title='bbox 772 1357 781 1417; x_wconf 92' lang='lat'>;</span> <span class='ocrx_word' id='word_1_76' title='bbox 803 1337 839 1400; x_wconf 91' lang='lat' dir='ltr'><strong>in</strong></span> <span class='ocrx_word' id='word_1_77' title='bbox 853 1335 955 1401; x_wconf 81' lang='lat' dir='ltr'><strong>Libra</strong></span> <span class='ocrx_word' id='word_1_78' title='bbox 968 1338 1156 1402; x_wconf 84' lang='lat' dir='ltr'><strong>matutinos.</strong></span> <span class='ocrx_word' id='word_1_79' title='bbox 1199 1337 1284 1401; x_wconf 85' lang='lat' dir='ltr'><strong>Item</strong></span> <span class='ocrx_word' id='word_1_80' title='bbox 1298 1355 1368 1400; x_wconf 88' lang='lat' dir='ltr'><strong>me·</strong></span> 
     </span>
     <span class='ocr_line' id='line_1_11' title="bbox 284 1435 1368 1522; baseline -0.001 -22"><span class='ocrx_word' id='word_1_81' title='bbox 284 1437 408 1502; x_wconf 89' lang='lat' dir='ltr'><strong>tutinus</strong></span> <span class='ocrx_word' id='word_1_82' title='bbox 422 1440 457 1503; x_wconf 89' lang='lat' dir='ltr'><strong>in</strong></span> <span class='ocrx_word' id='word_1_83' title='bbox 471 1439 634 1522; x_wconf 79' lang='lat' dir='ltr'><strong>Aquario,</strong></span> <span class='ocrx_word' id='word_1_84' title='bbox 649 1439 838 1502; x_wconf 87' lang='lat' dir='ltr'><strong>rarissimos</strong></span> <span class='ocrx_word' id='word_1_85' title='bbox 858 1439 891 1500; x_wconf 91' lang='lat' dir='ltr'><strong>in</strong></span> <span class='ocrx_word' id='word_1_86' title='bbox 914 1436 1034 1502; x_wconf 64' lang='lat' dir='ltr'><strong>boue.</strong></span> <span class='ocrx_word' id='word_1_87' title='bbox 1078 1436 1320 1518; x_wconf 78' lang='lat' dir='ltr'><strong>Retrogradnm</strong></span> <span class='ocrx_word' id='word_1_88' title='bbox 1334 1435 1368 1499; x_wconf 89' lang='lat' dir='ltr'><strong>in</strong></span> 
     </span>
     <span class='ocr_line' id='line_1_12' title="bbox 285 1536 1369 1617; baseline -0.003 -15"><span class='ocrx_word' id='word_1_89' title='bbox 285 1537 399 1604; x_wconf 79' lang='lat' dir='ltr'><strong>Tauro</strong></span> <span class='ocrx_word' id='word_1_90' title='bbox 421 1546 457 1604; x_wconf 89' lang='lat' dir='ltr'><strong>et</strong></span> <span class='ocrx_word' id='word_1_91' title='bbox 472 1540 624 1606; x_wconf 85' lang='lat' dir='ltr'><strong>Geminis</strong></span> <span class='ocrx_word' id='word_1_92' title='bbox 639 1559 704 1604; x_wconf 91' lang='lat' dir='ltr'><strong>non</strong></span> <span class='ocrx_word' id='word_1_93' title='bbox 726 1538 817 1617; x_wconf 81' lang='lat' dir='ltr'><strong>tieri3</strong></span> <span class='ocrx_word' id='word_1_94' title='bbox 844 1538 879 1602; x_wconf 90' lang='lat' dir='ltr'><strong>in</strong></span> <span class='ocrx_word' id='word_1_95' title='bbox 895 1536 1026 1602; x_wconf 86' lang='lat' dir='ltr'><strong>Cancro</strong></span> <span class='ocrx_word' id='word_1_96' title='bbox 1043 1556 1122 1603; x_wconf 81' lang='lat' dir='ltr'><strong>vero</strong></span> <span class='ocrx_word' id='word_1_97' title='bbox 1144 1555 1209 1600; x_wconf 89' lang='lat' dir='ltr'><strong>non</strong></span> <span class='ocrx_word' id='word_1_98' title='bbox 1223 1537 1306 1600; x_wconf 82' lang='lat' dir='ltr'><strong>citra</strong></span> <span class='ocrx_word' id='word_1_99' title='bbox 1321 1537 1369 1598; x_wconf 86' lang='lat' dir='ltr'><strong>vi-</strong></span> 
     </span>
     <span class='ocr_line' id='line_1_13' title="bbox 288 1637 1369 1726; baseline -0.001 -25"><span class='ocrx_word' id='word_1_100' title='bbox 288 1639 449 1706; x_wconf 86' lang='lat' dir='ltr'><strong>cesimam</strong></span> <span class='ocrx_word' id='word_1_101' title='bbox 463 1642 613 1726; x_wconf 82' lang='lat' dir='ltr'><strong>quintam</strong></span> <span class='ocrx_word' id='word_1_102' title='bbox 628 1646 765 1724; x_wconf 87' lang='lat' dir='ltr'><strong>partem.</strong></span> <span class='ocrx_word' id='word_1_103' title='bbox 810 1639 937 1704; x_wconf 84' lang='lat' dir='ltr'><strong>Lunum</strong></span> <span class='ocrx_word' id='word_1_104' title='bbox 949 1639 1003 1703; x_wconf 92' lang='lat' dir='ltr'><strong>bis</strong></span> <span class='ocrx_word' id='word_1_105' title='bbox 1016 1638 1139 1703; x_wconf 86' lang='lat' dir='ltr'><strong>coitum</strong></span> <span class='ocrx_word' id='word_1_106' title='bbox 1153 1657 1228 1702; x_wconf 87' lang='lat' dir='ltr'><strong>uum</strong></span> <span class='ocrx_word' id='word_1_107' title='bbox 1242 1637 1322 1702; x_wconf 89' lang='lat' dir='ltr'><strong>Sole</strong></span> <span class='ocrx_word' id='word_1_108' title='bbox 1335 1642 1369 1701; x_wconf 91' lang='lat' dir='ltr'><strong>et</strong></span> 
     </span>
     <span class='ocr_line' id='line_1_14' title="bbox 284 1737 1370 1825; baseline -0.002 -22"><span class='ocrx_word' id='word_1_109' title='bbox 284 1739 319 1803; x_wconf 90' lang='lat' dir='ltr'><strong>iu</strong></span> <span class='ocrx_word' id='word_1_110' title='bbox 339 1742 431 1806; x_wconf 83' lang='lat' dir='ltr'><strong>nullo</strong></span> <span class='ocrx_word' id='word_1_111' title='bbox 453 1745 519 1807; x_wconf 85' lang='lat' dir='ltr'><strong>alio</strong></span> <span class='ocrx_word' id='word_1_112' title='bbox 542 1745 635 1825; x_wconf 80' lang='lat' dir='ltr'><strong>siguo</strong></span> <span class='ocrx_word' id='word_1_113' title='bbox 659 1742 768 1806; x_wconf 81' lang='lat' dir='ltr'><strong>iacere</strong></span> <span class='ocrx_word' id='word_1_114' title='bbox 791 1759 893 1825; x_wconf 86' lang='lat' dir='ltr'><strong>quam</strong></span> <span class='ocrx_word' id='word_1_115' title='bbox 917 1739 1094 1814; x_wconf 67' lang='lat' dir='ltr'><strong>Geminis,⁸</strong></span> <span class='ocrx_word' id='word_1_116' title='bbox 1116 1757 1182 1803; x_wconf 88' lang='lat' dir='ltr'><strong>uon</strong></span> <span class='ocrx_word' id='word_1_117' title='bbox 1202 1737 1293 1802; x_wconf 87' lang='lat' dir='ltr'><strong>coire</strong></span> <span class='ocrx_word' id='word_1_118' title='bbox 1308 1737 1370 1802; x_wconf 85' lang='lat' dir='ltr'><strong>ati·</strong></span> 
     </span>
     <span class='ocr_line' id='line_1_15' title="bbox 285 1838 1369 1925; baseline 0 -23"><span class='ocrx_word' id='word_1_119' title='bbox 285 1840 418 1922; x_wconf 86' lang='lat' dir='ltr'><strong>quando</strong></span> <span class='ocrx_word' id='word_1_120' title='bbox 434 1843 469 1905; x_wconf 91' lang='lat' dir='ltr'><strong>in</strong></span> <span class='ocrx_word' id='word_1_121' title='bbox 480 1843 658 1925; x_wconf 77' lang='lat' dir='ltr'><strong>Sagittario</strong></span> <span class='ocrx_word' id='word_1_122' title='bbox 670 1839 681 1877; x_wconf 75' lang='lat' dir='ltr'><strong>r</strong></span> <span class='ocrx_word' id='word_1_123' title='bbox 693 1849 833 1907; x_wconf 86' lang='lat' dir='ltr'><strong>tautum.</strong></span> <span class='ocrx_word' id='word_1_124' title='bbox 878 1841 1105 1907; x_wconf 76' lang='lat' dir='ltr'><strong>Nouissimam</strong></span> <span class='ocrx_word' id='word_1_125' title='bbox 1119 1857 1199 1905; x_wconf 86' lang='lat' dir='ltr'><strong>vero</strong></span> <span class='ocrx_word' id='word_1_126' title='bbox 1213 1838 1369 1922; x_wconf 86' lang='lat' dir='ltr'><strong>primam·</strong></span> 
     </span>
     <span class='ocr_line' id='line_1_16' title="bbox 285 1939 1369 2026; baseline 0 -23"><span class='ocrx_word' id='word_1_127' title='bbox 285 1958 349 2021; x_wconf 85' lang='lat' dir='ltr'><strong>que</strong></span> <span class='ocrx_word' id='word_1_128' title='bbox 363 1942 482 2006; x_wconf 84' lang='lat' dir='ltr'><strong>eadem</strong></span> <span class='ocrx_word' id='word_1_129' title='bbox 495 1943 551 2008; x_wconf 93' lang='lat' dir='ltr'><strong>die</strong></span> <span class='ocrx_word' id='word_1_130' title='bbox 567 1943 619 2008; x_wconf 86' lang='lat' dir='ltr'><strong>rel</strong></span> <span class='ocrx_word' id='word_1_131' title='bbox 633 1949 746 2021; x_wconf 87' lang='lat' dir='ltr'><strong>nocte,</strong></span> <span class='ocrx_word' id='word_1_132' title='bbox 761 1942 853 2006; x_wconf 89' lang='lat' dir='ltr'><strong>nullo</strong></span> <span class='ocrx_word' id='word_1_133' title='bbox 868 1943 935 2007; x_wconf 81' lang='lat' dir='ltr'><strong>etio</strong></span> <span class='ocrx_word' id='word_1_134' title='bbox 950 1943 1094 2025; x_wconf 78' lang='lat' dir='ltr'><strong>insigne</strong></span> <span class='ocrx_word' id='word_1_135' title='bbox 1110 1960 1210 2026; x_wconf 88' lang='lat' dir='ltr'><strong>quarn</strong></span> <span class='ocrx_word' id='word_1_136' title='bbox 1225 1939 1369 2018; x_wconf 70' lang='lat' dir='ltr'><strong>Ariete,⁸</strong></span> 
     </span>
     <span class='ocr_line' id='line_1_17' title="bbox 286 2041 1370 2129; baseline 0.001 -25"><span class='ocrx_word' id='word_1_137' title='bbox 286 2042 454 2126; x_wconf 83' lang='lat' dir='ltr'><strong>conspiei;</strong></span> <span class='ocrx_word' id='word_1_138' title='bbox 476 2043 511 2109; x_wconf 94' lang='lat' dir='ltr'><strong>id</strong></span> <span class='ocrx_word' id='word_1_139' title='bbox 526 2063 660 2129; x_wconf 87' lang='lat' dir='ltr'><strong>quoque</strong></span> <span class='ocrx_word' id='word_1_140' title='bbox 675 2043 796 2128; x_wconf 84' lang='lat' dir='ltr'><strong>paucis</strong></span> <span class='ocrx_word' id='word_1_141' title='bbox 810 2044 998 2110; x_wconf 85' lang='lat' dir='ltr'><strong>mortalium</strong></span> <span class='ocrx_word' id='word_1_142' title='bbox 1020 2044 1189 2128; x_wconf 81' lang='lat' dir='ltr'><strong>contingit.</strong></span> <span class='ocrx_word' id='word_1_143' title='bbox 1234 2042 1280 2107; x_wconf 83' lang='lat' dir='ltr'><strong>Et</strong></span> <span class='ocrx_word' id='word_1_144' title='bbox 1295 2041 1370 2106; x_wconf 91' lang='lat' dir='ltr'><strong>inde</strong></span> 
     </span>
    </p>
   </div>
   <div class='ocr_carea' id='block_1_3' title="bbox 742 2259 919 2280">
    <p class='ocr_par' dir='ltr' id='par_1_3' title="bbox 742 2259 919 2280">
     <span class='ocr_line' id='line_1_18' title="bbox 742 2259 919 2280; baseline 0 0"><span class='ocrx_word' id='word_1_145' title='bbox 742 2259 919 2280; x_wconf 61' lang='lat' dir='ltr'><strong>mm</strong></span> 
     </span>
    </p>
   </div>
   <div class='ocr_carea' id='block_1_4' title="bbox 316 2411 1373 2482">
    <p class='ocr_par' dir='ltr' id='par_1_4' title="bbox 316 2411 1373 2482">
     <span class='ocr_line' id='line_1_19' title="bbox 316 2411 1373 2482; baseline -0.002 -20"><span class='ocrx_word' id='word_1_146' title='bbox 316 2413 384 2462; x_wconf 75' lang='lat' dir='ltr'><strong>Cur.</strong></span> <span class='ocrx_word' id='word_1_147' title='bbox 397 2427 443 2465; x_wconf 84' lang='lat' dir='ltr'><strong>xv.</strong></span> <span class='ocrx_word' id='word_1_148' title='bbox 478 2420 489 2464; x_wconf 91' lang='lat'>1</span> <span class='ocrx_word' id='word_1_149' title='bbox 507 2415 567 2466; x_wconf 81' lang='lat' dir='ltr'><strong>Vct.</strong></span> <span class='ocrx_word' id='word_1_150' title='bbox 578 2416 758 2482; x_wconf 78' lang='lat' dir='ltr'><strong>Detecanrpii:</strong></span> <span class='ocrx_word' id='word_1_151' title='bbox 774 2418 809 2482; x_wconf 73' lang='lat' dir='ltr'><strong>a,</strong></span> <span class='ocrx_word' id='word_1_152' title='bbox 824 2417 1003 2482; x_wconf 58' lang='lat' dir='ltr'><strong>sistendae,</strong></span> <span class='ocrx_word' id='word_1_153' title='bbox 1013 2421 1072 2467; x_wconf 75' lang='lat' dir='ltr'><strong>rtet.</strong></span> <span class='ocrx_word' id='word_1_154' title='bbox 1082 2416 1220 2475; x_wconf 72' lang='lat' dir='ltr'><strong>secere-t</strong></span> <span class='ocrx_word' id='word_1_155' title='bbox 1237 2411 1307 2464; x_wconf 75' lang='lat' dir='ltr'><strong>eod.</strong></span> <span class='ocrx_word' id='word_1_156' title='bbox 1321 2412 1373 2462; x_wconf 80' lang='lat' dir='ltr'><strong>Da·</strong></span> 
     </span>
    </p>
   </div>
   <div class='ocr_carea' id='block_1_5' title="bbox 779 2643 884 2696">
    <p class='ocr_par' dir='ltr' id='par_1_5' title="bbox 779 2643 884 2696">
     <span class='ocr_line' id='line_1_20' title="bbox 779 2643 884 2696; baseline 0 0"><span class='ocrx_word' id='word_1_157' title='bbox 779 2643 884 2696; x_wconf 78' lang='lat' dir='ltr'>NOTAE</span> 
     </span>
    </p>
   </div>
   <div class='ocr_carea' id='block_1_6' title="bbox 212 2782 1384 4139">
    <p class='ocr_par' dir='ltr' id='par_1_6' title="bbox 212 2782 1384 4139">
     <span class='ocr_line' id='line_1_21' title="bbox 212 2782 1373 2855; baseline -0.008 -15"><span class='ocrx_word' id='word_1_158' title='bbox 212 2791 219 2800; x_wconf 92' lang='grc'><em>“</em></span> <span class='ocrx_word' id='word_1_159' title='bbox 304 2783 306 2790; x_wconf 72' lang='lat'>&#39;</span> <span class='ocrx_word' id='word_1_160' title='bbox 323 2794 334 2820; x_wconf 81' lang='lat'>⁸</span> <span class='ocrx_word' id='word_1_161' title='bbox 350 2786 540 2852; x_wconf 67' lang='lat' dir='ltr'><strong>inturbabilis]</strong></span> <span class='ocrx_word' id='word_1_162' title='bbox 555 2789 632 2842; x_wconf 75' lang='lat' dir='ltr'><strong>Quod</strong></span> <span class='ocrx_word' id='word_1_163' title='bbox 646 2790 722 2855; x_wconf 83' lang='lat' dir='ltr'><strong>spiriu</strong></span> <span class='ocrx_word' id='word_1_164' title='bbox 740 2792 810 2842; x_wconf 80' lang='lat' dir='ltr'><strong>inex·</strong></span> <span class='ocrx_word' id='word_1_165' title='bbox 883 2787 894 2824; x_wconf 81' lang='lat'><strong><em>¹</em></strong></span> <span class='ocrx_word' id='word_1_166' title='bbox 907 2791 937 2840; x_wconf 79' lang='lat' dir='ltr'><strong>dr</strong></span> <span class='ocrx_word' id='word_1_167' title='bbox 948 2788 1094 2853; x_wconf 69' lang='lat' dir='ltr'><strong>Sagittario]</strong></span> <span class='ocrx_word' id='word_1_168' title='bbox 1107 2786 1150 2838; x_wconf 89' lang='lat' dir='ltr'><strong>Ob</strong></span> <span class='ocrx_word' id='word_1_169' title='bbox 1160 2785 1320 2838; x_wconf 74' lang='lat' dir='ltr'><strong>celeritatem</strong></span> <span class='ocrx_word' id='word_1_170' title='bbox 1328 2782 1373 2832; x_wconf 83' lang='lat' dir='ltr'><strong>So·</strong></span> 
     </span>
     <span class='ocr_line' id='line_1_22' title="bbox 290 2861 1375 2933; baseline -0.005 -19"><span class='ocrx_word' id='word_1_171' title='bbox 290 2864 450 2915; x_wconf 80' lang='lat' dir='ltr'><strong>trictbitibnr</strong></span> <span class='ocrx_word' id='word_1_172' title='bbox 461 2865 669 2917; x_wconf 77' lang='lat' dir='ltr'><strong>Astronomornm</strong></span> <span class='ocrx_word' id='word_1_173' title='bbox 688 2870 811 2918; x_wconf 74' lang='lat' dir='ltr'><strong>trectense</strong></span> <span class='ocrx_word' id='word_1_174' title='bbox 852 2869 893 2930; x_wconf 83' lang='lat' dir='ltr'><strong>tir,</strong></span> <span class='ocrx_word' id='word_1_175' title='bbox 904 2871 978 2933; x_wconf 85' lang='lat' dir='ltr'><strong>cnjus</strong></span> <span class='ocrx_word' id='word_1_176' title='bbox 989 2869 1119 2932; x_wconf 64' lang='lat' dir='ltr'><strong>pertusum</strong></span> <span class='ocrx_word' id='word_1_177' title='bbox 1135 2873 1196 2916; x_wconf 87' lang='lat' dir='ltr'><strong>tuuc</strong></span> <span class='ocrx_word' id='word_1_178' title='bbox 1212 2871 1271 2912; x_wconf 74' lang='lat' dir='ltr'><strong>erut</strong></span> <span class='ocrx_word' id='word_1_179' title='bbox 1287 2862 1314 2911; x_wconf 89' lang='lat' dir='ltr'><strong>in</strong></span> <span class='ocrx_word' id='word_1_180' title='bbox 1329 2861 1375 2910; x_wconf 78' lang='lat' dir='ltr'><strong>Se·</strong></span> 
     </span>
     <span class='ocr_line' id='line_1_23' title="bbox 289 2937 1377 3009; baseline -0.006 -19"><span class='ocrx_word' id='word_1_181' title='bbox 289 2940 387 2991; x_wconf 78' lang='lat' dir='ltr'><strong>irrrrtra</strong></span> <span class='ocrx_word' id='word_1_182' title='bbox 404 2943 480 2992; x_wconf 86' lang='lat' dir='ltr'><strong>torsit</strong></span> <span class='ocrx_word' id='word_1_183' title='bbox 492 2944 601 3006; x_wconf 76' lang='lat' dir='ltr'><strong>ingenie.</strong></span> <span class='ocrx_word' id='word_1_184' title='bbox 633 2945 700 2996; x_wconf 86' lang='lat' dir='ltr'><strong>Vide</strong></span> <span class='ocrx_word' id='word_1_185' title='bbox 713 2946 812 2998; x_wconf 83' lang='lat' dir='ltr'><strong>Ricciu·</strong></span> <span class='ocrx_word' id='word_1_186' title='bbox 852 2944 972 3009; x_wconf 68' lang='lat' dir='ltr'><strong>gittrrto:</strong></span> <span class='ocrx_word' id='word_1_187' title='bbox 990 2945 1110 2994; x_wconf 78' lang='lat' dir='ltr'><strong>concert</strong></span> <span class='ocrx_word' id='word_1_188' title='bbox 1121 2939 1146 2990; x_wconf 87' lang='lat' dir='ltr'><strong>in</strong></span> <span class='ocrx_word' id='word_1_189' title='bbox 1157 2937 1309 3002; x_wconf 75' lang='lat' dir='ltr'><strong>Capricorni</strong></span> <span class='ocrx_word' id='word_1_190' title='bbox 1320 2950 1377 3000; x_wconf 72' lang='lat' dir='ltr'><strong>gre·</strong></span> 
     </span>
     <span class='ocr_line' id='line_1_24' title="bbox 291 3011 1375 3080; baseline -0.003 -17"><span class='ocrx_word' id='word_1_191' title='bbox 291 3015 341 3063; x_wconf 89' lang='lat' dir='ltr'><strong>tum</strong></span> <span class='ocrx_word' id='word_1_192' title='bbox 353 3023 415 3064; x_wconf 87' lang='lat' dir='ltr'><strong>tom.</strong></span> <span class='ocrx_word' id='word_1_193' title='bbox 429 3029 447 3065; x_wconf 86' lang='lat' dir='ltr'><strong>t.</strong></span> <span class='ocrx_word' id='word_1_194' title='bbox 458 3031 508 3066; x_wconf 81' lang='lat' dir='ltr'><strong>rur.</strong></span> <span class='ocrx_word' id='word_1_195' title='bbox 519 3022 544 3066; x_wconf 88' lang='lat' dir='ltr'><strong>o.</strong></span> <span class='ocrx_word' id='word_1_196' title='bbox 557 3032 583 3080; x_wconf 79' lang='lat' dir='ltr'><strong>p.</strong></span> <span class='ocrx_word' id='word_1_197' title='bbox 592 3022 648 3070; x_wconf 78' lang='lat' dir='ltr'><strong>tar.</strong></span> <span class='ocrx_word' id='word_1_198' title='bbox 852 3017 888 3068; x_wconf 91' lang='lat' dir='ltr'><strong>du</strong></span> <span class='ocrx_word' id='word_1_199' title='bbox 910 3017 990 3068; x_wconf 79' lang='lat' dir='ltr'><strong>ferme</strong></span> <span class='ocrx_word' id='word_1_200' title='bbox 1009 3024 1111 3068; x_wconf 80' lang='lat' dir='ltr'><strong>octavo.</strong></span> <span class='ocrx_word' id='word_1_201' title='bbox 1149 3013 1261 3064; x_wconf 67' lang='lat' dir='ltr'><strong>Idcirco⁴</strong></span> <span class='ocrx_word' id='word_1_202' title='bbox 1274 3011 1375 3076; x_wconf 67' lang='lat' dir='ltr'><strong>namqui</strong></span> 
     </span>
     <span class='ocr_line' id='line_1_25' title="bbox 323 3090 1377 3154; baseline -0.005 -15"><span class='ocrx_word' id='word_1_203' title='bbox 323 3090 420 3140; x_wconf 67' lang='lat' dir='ltr'><strong>tretis</strong></span> <span class='ocrx_word' id='word_1_204' title='bbox 438 3091 528 3154; x_wconf 80' lang='lat' dir='ltr'><strong>sidere]</strong></span> <span class='ocrx_word' id='word_1_205' title='bbox 551 3094 615 3144; x_wconf 87' lang='lat' dir='ltr'><strong>Cum</strong></span> <span class='ocrx_word' id='word_1_206' title='bbox 638 3102 678 3145; x_wconf 87' lang='lat' dir='ltr'><strong>ert</strong></span> <span class='ocrx_word' id='word_1_207' title='bbox 698 3096 724 3144; x_wconf 89' lang='lat' dir='ltr'><strong>tn</strong></span> <span class='ocrx_word' id='word_1_208' title='bbox 747 3097 814 3147; x_wconf 89' lang='lat' dir='ltr'><strong>trinu</strong></span> <span class='ocrx_word' id='word_1_209' title='bbox 852 3092 937 3144; x_wconf 76' lang='lat' dir='ltr'><strong>Solem</strong></span> <span class='ocrx_word' id='word_1_210' title='bbox 956 3093 1031 3142; x_wconf 80' lang='lat' dir='ltr'><strong>erun</strong></span> <span class='ocrx_word' id='word_1_211' title='bbox 1047 3105 1099 3141; x_wconf 89' lang='lat' dir='ltr'><strong>uon</strong></span> <span class='ocrx_word' id='word_1_212' title='bbox 1116 3096 1218 3154; x_wconf 77' lang='lat' dir='ltr'><strong>potest:</strong></span> <span class='ocrx_word' id='word_1_213' title='bbox 1235 3097 1333 3138; x_wconf 87' lang='lat' dir='ltr'><strong>utcum</strong></span> <span class='ocrx_word' id='word_1_214' title='bbox 1345 3100 1377 3134; x_wconf 82' lang='lat' dir='ltr'><strong>ro</strong></span> 
     </span>
     <span class='ocr_line' id='line_1_26' title="bbox 291 3165 1137 3232; baseline 0.001 -19"><span class='ocrx_word' id='word_1_215' title='bbox 291 3173 397 3228; x_wconf 80' lang='lat' dir='ltr'><strong>repectu</strong></span> <span class='ocrx_word' id='word_1_216' title='bbox 410 3179 469 3216; x_wconf 87' lang='lat' dir='ltr'><strong>curn</strong></span> <span class='ocrx_word' id='word_1_217' title='bbox 485 3167 543 3218; x_wconf 83' lang='lat' dir='ltr'><strong>Sole</strong></span> <span class='ocrx_word' id='word_1_218' title='bbox 553 3168 667 3232; x_wconf 82' lang='lat' dir='ltr'><strong>Jupiter,</strong></span> <span class='ocrx_word' id='word_1_219' title='bbox 685 3170 740 3220; x_wconf 83' lang='lat' dir='ltr'><strong>stre</strong></span> <span class='ocrx_word' id='word_1_220' title='bbox 755 3185 814 3222; x_wconf 83' lang='lat' dir='ltr'><strong>cunr</strong></span> <span class='ocrx_word' id='word_1_221' title='bbox 853 3168 900 3219; x_wconf 84' lang='lat' dir='ltr'><strong>rub</strong></span> <span class='ocrx_word' id='word_1_222' title='bbox 911 3168 959 3218; x_wconf 83' lang='lat' dir='ltr'><strong>boo</strong></span> <span class='ocrx_word' id='word_1_223' title='bbox 970 3168 1042 3232; x_wconf 73' lang='lat' dir='ltr'><strong>signu</strong></span> <span class='ocrx_word' id='word_1_224' title='bbox 1053 3165 1137 3218; x_wconf 67' lang='lat' dir='ltr'><strong>cudat.</strong></span> 
     </span>
     <span class='ocr_line' id='line_1_27' title="bbox 292 3239 1378 3307; baseline -0.002 -18"><span class='ocrx_word' id='word_1_225' title='bbox 292 3239 372 3290; x_wconf 73' lang='lat' dir='ltr'><strong>distet</strong></span> <span class='ocrx_word' id='word_1_226' title='bbox 381 3240 415 3290; x_wconf 79' lang='lat' dir='ltr'><strong>ab</strong></span> <span class='ocrx_word' id='word_1_227' title='bbox 424 3255 457 3292; x_wconf 83' lang='lat' dir='ltr'><strong>co</strong></span> <span class='ocrx_word' id='word_1_228' title='bbox 466 3240 581 3305; x_wconf 77' lang='lat' dir='ltr'><strong>pertibus</strong></span> <span class='ocrx_word' id='word_1_229' title='bbox 590 3251 693 3294; x_wconf 84' lang='lat' dir='ltr'><strong>centnm</strong></span> <span class='ocrx_word' id='word_1_230' title='bbox 704 3253 731 3296; x_wconf 81' lang='lat' dir='ltr'><strong>ct</strong></span> <span class='ocrx_word' id='word_1_231' title='bbox 742 3259 815 3296; x_wconf 78' lang='lat' dir='ltr'><strong>rexe-</strong></span> <span class='ocrx_word' id='word_1_232' title='bbox 886 3251 899 3287; x_wconf 74' lang='lat'>¹</span> <span class='ocrx_word' id='word_1_233' title='bbox 912 3245 989 3301; x_wconf 72' lang='lat' dir='ltr'><strong>Qum</strong></span> <span class='ocrx_word' id='word_1_234' title='bbox 998 3242 1094 3307; x_wconf 80' lang='lat' dir='ltr'><strong>Ariete]</strong></span> <span class='ocrx_word' id='word_1_235' title='bbox 1105 3243 1193 3292; x_wconf 78' lang='lat' dir='ltr'><strong>Vtram</strong></span> <span class='ocrx_word' id='word_1_236' title='bbox 1205 3255 1262 3291; x_wconf 84' lang='lat' dir='ltr'><strong>esre</strong></span> <span class='ocrx_word' id='word_1_237' title='bbox 1275 3239 1378 3302; x_wconf 76' lang='lat' dir='ltr'><strong>Hispali</strong></span> 
     </span>
     <span class='ocr_line' id='line_1_28' title="bbox 283 3314 1377 3384; baseline -0.015 -6"><span class='ocrx_word' id='word_1_238' title='bbox 283 3315 372 3384; x_wconf 62' lang='lat' dir='ltr'><strong>sinte.</strong></span> <span class='ocrx_word' id='word_1_239' title='bbox 856 3324 961 3382; x_wconf 78' lang='lat' dir='ltr'><strong>Lunum,</strong></span> <span class='ocrx_word' id='word_1_240' title='bbox 973 3332 1038 3369; x_wconf 76' lang='lat' dir='ltr'><strong>anno</strong></span> <span class='ocrx_word' id='word_1_241' title='bbox 1049 3321 1123 3370; x_wconf 73' lang='lat'>1⁶⁵8.</span> <span class='ocrx_word' id='word_1_242' title='bbox 1148 3316 1290 3368; x_wconf 74' lang='lat' dir='ltr'><strong>Mertittt.</strong></span> <span class='ocrx_word' id='word_1_243' title='bbox 1319 3314 1377 3364; x_wconf 83' lang='lat' dir='ltr'><strong>soie</strong></span> 
     </span>
     <span class='ocr_line' id='line_1_29' title="bbox 324 3390 1377 3460; baseline -0.009 -12"><span class='ocrx_word' id='word_1_244' title='bbox 324 3400 334 3425; x_wconf 78' lang='lat'><strong>⁰</strong></span> <span class='ocrx_word' id='word_1_245' title='bbox 361 3391 496 3454; x_wconf 65' lang='lat' dir='ltr'><strong>Sexaginta</strong></span> <span class='ocrx_word' id='word_1_246' title='bbox 527 3394 646 3460; x_wconf 66' lang='lat' dir='ltr'><strong>mou]</strong></span> <span class='ocrx_word' id='word_1_247' title='bbox 674 3396 816 3460; x_wconf 79' lang='lat' dir='ltr'><strong>Arpectum</strong></span> <span class='ocrx_word' id='word_1_248' title='bbox 854 3397 881 3446; x_wconf 86' lang='lat' dir='ltr'><strong>tn</strong></span> <span class='ocrx_word' id='word_1_249' title='bbox 896 3395 977 3459; x_wconf 73' lang='lat' dir='ltr'><strong>gradu</strong></span> <span class='ocrx_word' id='word_1_250' title='bbox 995 3390 1377 3454; x_wconf 60' lang='lat' dir='ltr'><strong>tertiodrietirmunniugra·</strong></span> 
     </span>
     <span class='ocr_line' id='line_1_30' title="bbox 292 3465 1379 3534; baseline 0 -20"><span class='ocrx_word' id='word_1_251' title='bbox 292 3466 460 3530; x_wconf 72' lang='lat' dir='ltr'><strong>bexrgonnm,</strong></span> <span class='ocrx_word' id='word_1_252' title='bbox 471 3473 499 3516; x_wconf 85' lang='lat' dir='ltr'><strong>et</strong></span> <span class='ocrx_word' id='word_1_253' title='bbox 508 3469 626 3518; x_wconf 74' lang='lat' dir='ltr'><strong>restitum</strong></span> <span class='ocrx_word' id='word_1_254' title='bbox 637 3476 741 3532; x_wconf 76' lang='lat' dir='ltr'><strong>vocent,</strong></span> <span class='ocrx_word' id='word_1_255' title='bbox 758 3483 816 3520; x_wconf 86' lang='lat' dir='ltr'><strong>cum</strong></span> <span class='ocrx_word' id='word_1_256' title='bbox 855 3471 891 3522; x_wconf 88' lang='lat' dir='ltr'><strong>du</strong></span> <span class='ocrx_word' id='word_1_257' title='bbox 902 3475 944 3523; x_wconf 76' lang='lat'><strong>2³.</strong></span> <span class='ocrx_word' id='word_1_258' title='bbox 977 3469 1099 3532; x_wconf 84' lang='lat' dir='ltr'><strong>Piscium,</strong></span> <span class='ocrx_word' id='word_1_259' title='bbox 1115 3476 1194 3534; x_wconf 77' lang='lat' dir='ltr'><strong>etque</strong></span> <span class='ocrx_word' id='word_1_260' title='bbox 1206 3467 1272 3518; x_wconf 75' lang='lat' dir='ltr'><strong>adeo</strong></span> <span class='ocrx_word' id='word_1_261' title='bbox 1291 3466 1316 3514; x_wconf 85' lang='lat' dir='ltr'><strong>in</strong></span> <span class='ocrx_word' id='word_1_262' title='bbox 1327 3465 1379 3515; x_wconf 83' lang='lat' dir='ltr'><strong>dir·</strong></span> 
     </span>
     <span class='ocr_line' id='line_1_31' title="bbox 293 3540 1378 3609; baseline -0.001 -19"><span class='ocrx_word' id='word_1_263' title='bbox 293 3541 366 3590; x_wconf 74' lang='lat' dir='ltr'><strong>abest</strong></span> <span class='ocrx_word' id='word_1_264' title='bbox 388 3556 403 3590; x_wconf 83' lang='grc' dir='ltr'>ι</span> <span class='ocrx_word' id='word_1_265' title='bbox 424 3543 484 3592; x_wconf 85' lang='lat' dir='ltr'><strong>Sute</strong></span> <span class='ocrx_word' id='word_1_266' title='bbox 508 3544 613 3608; x_wconf 82' lang='lat' dir='ltr'><strong>planeta</strong></span> <span class='ocrx_word' id='word_1_267' title='bbox 632 3546 754 3609; x_wconf 71' lang='lat' dir='ltr'><strong>grtdibur</strong></span> <span class='ocrx_word' id='word_1_268' title='bbox 772 3557 816 3596; x_wconf 79' lang='lat' dir='ltr'><strong>nx.</strong></span> <span class='ocrx_word' id='word_1_269' title='bbox 857 3547 939 3598; x_wconf 73' lang='lat' dir='ltr'><strong>tentia</strong></span> <span class='ocrx_word' id='word_1_270' title='bbox 956 3561 972 3596; x_wconf 78' lang='lat' dir='ltr'>e</span> <span class='ocrx_word' id='word_1_271' title='bbox 988 3546 1056 3608; x_wconf 80' lang='lat' dir='ltr'><strong>Sole,</strong></span> <span class='ocrx_word' id='word_1_272' title='bbox 1071 3545 1195 3608; x_wconf 74' lang='lat' dir='ltr'><strong>graduum</strong></span> <span class='ocrx_word' id='word_1_273' title='bbox 1211 3543 1319 3593; x_wconf 79' lang='lat' dir='ltr'><strong>circiter</strong></span> <span class='ocrx_word' id='word_1_274' title='bbox 1334 3540 1378 3590; x_wconf 83' lang='lat' dir='ltr'><strong>de-</strong></span> 
     </span>
     <span class='ocr_line' id='line_1_32' title="bbox 293 3617 1378 3684; baseline -0.004 -15"><span class='ocrx_word' id='word_1_275' title='bbox 293 3617 370 3669; x_wconf 77' lang='lat' dir='ltr'><strong>Quod</strong></span> <span class='ocrx_word' id='word_1_276' title='bbox 386 3617 495 3681; x_wconf 70' lang='lat' dir='ltr'><strong>spatium</strong></span> <span class='ocrx_word' id='word_1_277' title='bbox 511 3620 594 3669; x_wconf 73' lang='lat' dir='ltr'><strong>sexies</strong></span> <span class='ocrx_word' id='word_1_278' title='bbox 610 3620 816 3684; x_wconf 64' lang='lat' dir='ltr'><strong>nruttipiieutunu</strong></span> <span class='ocrx_word' id='word_1_279' title='bbox 855 3636 922 3684; x_wconf 83' lang='lat' dir='ltr'><strong>cem,</strong></span> <span class='ocrx_word' id='word_1_280' title='bbox 943 3621 1034 3672; x_wconf 77' lang='lat' dir='ltr'><strong>scribit</strong></span> <span class='ocrx_word' id='word_1_281' title='bbox 1054 3620 1184 3684; x_wconf 80' lang='lat' dir='ltr'><strong>Kepierur</strong></span> <span class='ocrx_word' id='word_1_282' title='bbox 1208 3618 1234 3666; x_wconf 87' lang='lat' dir='ltr'><strong>iu</strong></span> <span class='ocrx_word' id='word_1_283' title='bbox 1259 3618 1378 3680; x_wconf 77' lang='lat' dir='ltr'><strong>Epitome</strong></span> 
     </span>
     <span class='ocr_line' id='line_1_33' title="bbox 293 3688 1382 3760; baseline 0.002 -22"><span class='ocrx_word' id='word_1_284' title='bbox 293 3688 320 3739; x_wconf 91' lang='lat' dir='ltr'><strong>tu</strong></span> <span class='ocrx_word' id='word_1_285' title='bbox 339 3700 461 3756; x_wconf 79' lang='lat' dir='ltr'><strong>tympano</strong></span> <span class='ocrx_word' id='word_1_286' title='bbox 481 3707 526 3741; x_wconf 83' lang='lat' dir='ltr'><strong>ren</strong></span> <span class='ocrx_word' id='word_1_287' title='bbox 546 3694 634 3745; x_wconf 77' lang='lat' dir='ltr'><strong>tabula</strong></span> <span class='ocrx_word' id='word_1_288' title='bbox 652 3695 747 3758; x_wconf 66' lang='lat' dir='ltr'><strong>lignes,</strong></span> <span class='ocrx_word' id='word_1_289' title='bbox 766 3709 816 3760; x_wconf 80' lang='lat' dir='ltr'><strong>ope</strong></span> <span class='ocrx_word' id='word_1_290' title='bbox 855 3695 1141 3756; x_wconf 74' lang='lat' dir='ltr'><strong>Astrouomioe‚tib.rr·</strong></span> <span class='ocrx_word' id='word_1_291' title='bbox 1153 3697 1247 3758; x_wconf 59' lang='lat' dir='ltr'><strong>atita.</strong></span> <span class='ocrx_word' id='word_1_292' title='bbox 1280 3691 1382 3741; x_wconf 57' lang='lat' dir='ltr'><strong>Amoris</strong></span> 
     </span>
     <span class='ocr_line' id='line_1_34' title="bbox 292 3768 1381 3836; baseline -0.002 -17"><span class='ocrx_word' id='word_1_293' title='bbox 292 3769 391 3832; x_wconf 86' lang='lat' dir='ltr'><strong>circini,</strong></span> <span class='ocrx_word' id='word_1_294' title='bbox 401 3769 471 3820; x_wconf 77' lang='lat' dir='ltr'><strong>orbis</strong></span> <span class='ocrx_word' id='word_1_295' title='bbox 481 3768 534 3820; x_wconf 84' lang='lat' dir='ltr'><strong>rire</strong></span> <span class='ocrx_word' id='word_1_296' title='bbox 546 3772 632 3821; x_wconf 84' lang='lat' dir='ltr'><strong>muudi</strong></span> <span class='ocrx_word' id='word_1_297' title='bbox 643 3770 751 3824; x_wconf 76' lang='lat' dir='ltr'><strong>formum</strong></span> <span class='ocrx_word' id='word_1_298' title='bbox 759 3787 816 3824; x_wconf 82' lang='lat' dir='ltr'><strong>rex·</strong></span> <span class='ocrx_word' id='word_1_299' title='bbox 855 3788 901 3824; x_wconf 79' lang='lat' dir='ltr'><strong>cur</strong></span> <span class='ocrx_word' id='word_1_300' title='bbox 912 3772 1073 3836; x_wconf 79' lang='lat' dir='ltr'><strong>verpuctim</strong></span> <span class='ocrx_word' id='word_1_301' title='bbox 1083 3770 1152 3834; x_wconf 73' lang='lat' dir='ltr'><strong>apud</strong></span> <span class='ocrx_word' id='word_1_302' title='bbox 1165 3769 1324 3830; x_wconf 75' lang='lat' dir='ltr'><strong>Remurium,</strong></span> <span class='ocrx_word' id='word_1_303' title='bbox 1342 3777 1381 3818; x_wconf 89' lang='lat' dir='ltr'><strong>to-</strong></span> 
     </span>
     <span class='ocr_line' id='line_1_35' title="bbox 293 3844 1382 3913; baseline -0.011 -8"><span class='ocrx_word' id='word_1_304' title='bbox 293 3844 494 3904; x_wconf 70' lang='lat' dir='ltr'><strong>wmtamraete</strong></span> <span class='ocrx_word' id='word_1_305' title='bbox 855 3865 897 3901; x_wconf 88' lang='lat' dir='ltr'><strong>mo</strong></span> <span class='ocrx_word' id='word_1_306' title='bbox 916 3863 936 3900; x_wconf 80' lang='grc' dir='ltr'><strong>ι.</strong></span> <span class='ocrx_word' id='word_1_307' title='bbox 954 3848 1077 3913; x_wconf 68' lang='lat' dir='ltr'><strong>Navigat.</strong></span> <span class='ocrx_word' id='word_1_308' title='bbox 1097 3863 1124 3912; x_wconf 79' lang='lat' dir='ltr'><strong>p.</strong></span> <span class='ocrx_word' id='word_1_309' title='bbox 1137 3850 1194 3898; x_wconf 72' lang='lat' dir='ltr'><strong>tat.</strong></span> <span class='ocrx_word' id='word_1_310' title='bbox 1215 3847 1297 3896; x_wconf 75' lang='lat' dir='ltr'><strong>rtrum</strong></span> <span class='ocrx_word' id='word_1_311' title='bbox 1318 3861 1335 3896; x_wconf 77' lang='lat' dir='ltr'><strong>a</strong></span> <span class='ocrx_word' id='word_1_312' title='bbox 1353 3859 1382 3894; x_wconf 82' lang='lat' dir='ltr'><strong>re</strong></span> 
     </span>
     <span class='ocr_line' id='line_1_36' title="bbox 325 3919 1383 3987; baseline 0 -18"><span class='ocrx_word' id='word_1_313' title='bbox 325 3919 336 3955; x_wconf 64' lang='grc' dir='ltr'><strong><em>θ</em></strong></span> <span class='ocrx_word' id='word_1_314' title='bbox 355 3920 407 3972; x_wconf 85' lang='lat' dir='ltr'><strong>Nec</strong></span> <span class='ocrx_word' id='word_1_315' title='bbox 416 3920 524 3986; x_wconf 70' lang='lat' dir='ltr'><strong>emar]</strong></span> <span class='ocrx_word' id='word_1_316' title='bbox 538 3921 617 3973; x_wconf 78' lang='lat' dir='ltr'><strong>stunt</strong></span> <span class='ocrx_word' id='word_1_317' title='bbox 629 3937 687 3974; x_wconf 88' lang='lat' dir='ltr'><strong>cum</strong></span> <span class='ocrx_word' id='word_1_318' title='bbox 697 3924 773 3976; x_wconf 75' lang='lat' dir='ltr'><strong>June.</strong></span> <span class='ocrx_word' id='word_1_319' title='bbox 856 3927 954 3977; x_wconf 78' lang='lat' dir='ltr'><strong>Lunam</strong></span> <span class='ocrx_word' id='word_1_320' title='bbox 966 3930 1075 3975; x_wconf 78' lang='lat' dir='ltr'><strong>testatur</strong></span> <span class='ocrx_word' id='word_1_321' title='bbox 1085 3923 1141 3987; x_wconf 77' lang='lat' dir='ltr'><strong>ipro</strong></span> <span class='ocrx_word' id='word_1_322' title='bbox 1152 3936 1210 3973; x_wconf 88' lang='lat' dir='ltr'><strong>cum</strong></span> <span class='ocrx_word' id='word_1_323' title='bbox 1225 3922 1288 3972; x_wconf 81' lang='lat' dir='ltr'><strong>Sole</strong></span> <span class='ocrx_word' id='word_1_324' title='bbox 1298 3921 1383 3972; x_wconf 81' lang='lat' dir='ltr'><strong>coitus</strong></span> 
     </span>
     <span class='ocr_line' id='line_1_37' title="bbox 325 3995 1383 4061; baseline -0.007 -8"><span class='ocrx_word' id='word_1_325' title='bbox 325 3996 430 4052; x_wconf 63' lang='lat' dir='ltr'><strong>‘Qun</strong></span> <span class='ocrx_word' id='word_1_326' title='bbox 449 3995 568 4059; x_wconf 67' lang='lat' dir='ltr'><strong>Gustata]</strong></span> <span class='ocrx_word' id='word_1_327' title='bbox 595 3996 638 4048; x_wconf 91' lang='lat' dir='ltr'><strong>Ob</strong></span> <span class='ocrx_word' id='word_1_328' title='bbox 665 3998 815 4051; x_wconf 76' lang='lat' dir='ltr'><strong>tarditatem</strong></span> <span class='ocrx_word' id='word_1_329' title='bbox 854 4001 907 4052; x_wconf 90' lang='lat' dir='ltr'><strong>die.</strong></span> <span class='ocrx_word' id='word_1_330' title='bbox 949 3999 993 4051; x_wconf 82' lang='lat' dir='ltr'><strong>Sic</strong></span> <span class='ocrx_word' id='word_1_331' title='bbox 1015 4007 1043 4051; x_wconf 89' lang='lat' dir='ltr'><strong>et</strong></span> <span class='ocrx_word' id='word_1_332' title='bbox 1064 4014 1081 4048; x_wconf 83' lang='grc' dir='ltr'>ι</span> <span class='ocrx_word' id='word_1_333' title='bbox 1099 3999 1153 4048; x_wconf 84' lang='lat' dir='ltr'><strong>ruis</strong></span> <span class='ocrx_word' id='word_1_334' title='bbox 1179 4005 1344 4061; x_wconf 77' lang='lat' dir='ltr'><strong>conspectum</strong></span> <span class='ocrx_word' id='word_1_335' title='bbox 1366 4011 1383 4046; x_wconf 89' lang='lat' dir='ltr'>e</span> 
     </span>
     <span class='ocr_line' id='line_1_38' title="bbox 293 4068 1384 4139; baseline -0.011 -6"><span class='ocrx_word' id='word_1_336' title='bbox 293 4068 411 4119; x_wconf 62' lang='lat' dir='ltr'><strong>nimitum</strong></span> <span class='ocrx_word' id='word_1_337' title='bbox 421 4069 497 4130; x_wconf 59' lang='lat' dir='ltr'><strong>&amp;lib</strong></span> <span class='ocrx_word' id='word_1_338' title='bbox 508 4070 580 4134; x_wconf 74' lang='lat' dir='ltr'><strong>cujur</strong></span> <span class='ocrx_word' id='word_1_339' title='bbox 592 4086 716 4135; x_wconf 67' lang='lat' dir='ltr'><strong>apogeum</strong></span> <span class='ocrx_word' id='word_1_340' title='bbox 732 4087 765 4124; x_wconf 78' lang='lat' dir='ltr'><strong>er</strong></span> <span class='ocrx_word' id='word_1_341' title='bbox 782 4089 816 4124; x_wconf 71' lang='lat' dir='ltr'><strong>a·</strong></span> <span class='ocrx_word' id='word_1_342' title='bbox 855 4076 979 4126; x_wconf 86' lang='lat' dir='ltr'><strong>montium</strong></span> <span class='ocrx_word' id='word_1_343' title='bbox 993 4075 1067 4139; x_wconf 64' lang='lat' dir='ltr'><strong>jugo,</strong></span> <span class='ocrx_word' id='word_1_344' title='bbox 1084 4071 1175 4122; x_wconf 80' lang='lat' dir='ltr'><strong>scribit</strong></span> <span class='ocrx_word' id='word_1_345' title='bbox 1184 4073 1260 4124; x_wconf 78' lang='lat' dir='ltr'><strong>Joau.</strong></span> <span class='ocrx_word' id='word_1_346' title='bbox 1271 4070 1306 4122; x_wconf 87' lang='lat' dir='ltr'><strong>de</strong></span> <span class='ocrx_word' id='word_1_347' title='bbox 1317 4072 1384 4122; x_wconf 76' lang='lat' dir='ltr'><strong>tiar-</strong></span> 
     </span>
    </p>
   </div>
   <div class='ocr_carea' id='block_1_7' title="bbox 295 4143 1129 4282">
    <p class='ocr_par' dir='ltr' id='par_1_7' title="bbox 295 4143 1129 4282">
     <span class='ocr_line' id='line_1_39' title="bbox 295 4143 1129 4214; baseline 0.017 -25"><span class='ocrx_word' id='word_1_348' title='bbox 295 4147 349 4190; x_wconf 82' lang='lat' dir='ltr'><strong>trte</strong></span> <span class='ocrx_word' id='word_1_349' title='bbox 368 4151 424 4192; x_wconf 78' lang='lat' dir='ltr'><strong>erut</strong></span> <span class='ocrx_word' id='word_1_350' title='bbox 444 4143 470 4192; x_wconf 91' lang='lat' dir='ltr'><strong>in</strong></span> <span class='ocrx_word' id='word_1_351' title='bbox 489 4144 622 4198; x_wconf 77' lang='lat' dir='ltr'><strong>Geminis:</strong></span> <span class='ocrx_word' id='word_1_352' title='bbox 639 4162 708 4199; x_wconf 86' lang='lat' dir='ltr'><strong>nuuc</strong></span> <span class='ocrx_word' id='word_1_353' title='bbox 726 4157 767 4202; x_wconf 78' lang='lat' dir='ltr'><strong>ert</strong></span> <span class='ocrx_word' id='word_1_354' title='bbox 789 4151 816 4200; x_wconf 88' lang='lat' dir='ltr'><strong>tu</strong></span> <span class='ocrx_word' id='word_1_355' title='bbox 855 4150 1021 4209; x_wconf 65' lang='lat' dir='ltr'><strong>ronibidem,</strong></span> <span class='ocrx_word' id='word_1_356' title='bbox 1035 4151 1129 4214; x_wconf 64' lang='lat' dir='ltr'><strong>tum·</strong></span> 
     </span>
     <span class='ocr_line' id='line_1_40' title="bbox 295 4218 657 4282; baseline 0.019 -15"><span class='ocrx_word' id='word_1_357' title='bbox 295 4218 386 4268; x_wconf 79' lang='lat' dir='ltr'><strong>cmen</strong></span> <span class='ocrx_word' id='word_1_358' title='bbox 397 4219 479 4282; x_wconf 72' lang='lat' dir='ltr'><strong>gradu</strong></span> <span class='ocrx_word' id='word_1_359' title='bbox 491 4221 545 4272; x_wconf 82' lang='lat' dir='ltr'><strong>iere</strong></span> <span class='ocrx_word' id='word_1_360' title='bbox 556 4228 657 4274; x_wconf 81' lang='lat' dir='ltr'><strong>cetero.</strong></span> 
     </span>
    </p>
   </div>
   <div class='ocr_carea' id='block_1_8' title="bbox 0 0 1552 4878">
    <p class='ocr_par' dir='ltr' id='par_1_8' title="bbox 0 0 1552 4878">
     <span class='ocr_line' id='line_1_41' title="bbox 0 0 1552 4878; baseline 0 0"><span class='ocrx_word' id='word_1_361' title='bbox 0 0 1552 4878; x_wconf 95' lang='lat' dir='ltr'><strong> </strong></span> 
     </span>
    </p>
   </div>
  </div>
 </body>
</html>
