3006 4874
439 417 571 466 nnorrc
594 415 633 466 rr.
657 415 772 468 urunt
795 415 978 466 creamur.
1183 401 1245 467 107

161 567 356 642 argumento
370 568 512 638 constat,
531 561 631 644 quod,
644 567 682 626 ut
695 560 855 638 diximus,
871 561 983 625 Plinio
999 559 1138 624 Juuiore
1152 566 1246 637 teste,

161 671 237 726 aute
251 662 361 728 lucem
379 661 615 744 Imperatorem
631 663 809 743 salutaret;
824 663 867 726 ad
879 681 988 745 quem,
1004 679 1080 725 cum
1091 664 1177 725 ratio
1193 662 1245 744 ip-

160 781 200 826 sa
222 764 307 828 satis
331 764 545 829 auctoritatis
567 763 692 828 lrabeat
711 765 755 829 ad
778 762 1049 846 persuadendum,
1064 780 1129 826 non
1143 762 1245 827 fuisse

159 863 225 927 uisi
255 863 395 927 intimos
415 863 544 929 amicos
569 864 751 941 admissos,
773 864 951 929 Suetonius
980 864 1015 928 in
1040 862 1244 946 Vespasiani

159 963 240 1030 Vita
255 965 290 1029 id
306 966 418 1047 ipsum
439 965 490 1028 bis
512 965 626 1029 verbis
650 964 809 1029 affirmat:
831 961 899 1029 ‘In
922 965 1114 1046 principatu
1138 971 1245 1028 mutn-

159 1065 230 1130 rius
244 1085 384 1148 sempor,
397 1085 440 1130 ac
451 1065 493 1129 de
508 1071 605 1129 nocte
621 1065 790 1148 vigilabat,
804 1065 924 1129 deiude
938 1064 1095 1148 perlectis
1108 1063 1245 1147 Episto-

157 1165 210 1242 lis,
234 1165 418 1231 officiorum
442 1166 615 1230 breviariis
639 1166 764 1231 amicos
784 1166 989 1244 admittebat,
1004 1185 1045 1232 ac
1060 1165 1137 1231 dum
1152 1166 1244 1230 salu-

158 1267 304 1345 tabatur,
326 1275 363 1331 et
374 1268 549 1333 ,calciabat
566 1268 639 1350 ipse
655 1285 739 1345 sese,
752 1273 786 1331 et
800 1267 1000 1332 amiciebat!
1043 1265 1242 1350 xiphilinus

158 1384 239 1432 vero
263 1387 306 1433 er
334 1367 467 1433 Dione:
488 1367 598 1432 ‘Ante
621 1368 740 1444 lucem,
766 1387 842 1433 cum
856 1369 955 1432 etiarn
973 1368 1080 1432 adbuc
1096 1375 1186 1432 esset
1207 1369 1242 1430 iu

157 1469 255 1546 lecto,
271 1469 521 1553 colloquebatur
533 1489 607 1534 enm
623 1470 677 1544 iis,
688 1471 747 1552 qui
756 1469 927 1534 sibivalde
938 1469 1118 1534 familiares
1131 1475 1241 1548 erunt3

156 1571 259 1634 ceteri
289 1571 322 1634 in
345 1571 411 1634 riis
436 1589 511 1635 eum
532 1569 745 1634 salutabant!
787 1568 888 1647 Quod
910 1571 938 1633 si
964 1570 1036 1652 eJus
1056 1571 1242 1634 intueamur

155 1669 375 1752 majestatem,
399 1670 443 1734 ad
463 1689 559 1752 quem
574 1671 752 1748 scribebat,
765 1689 806 1734 ea
821 1671 1063 1748 maximuerat,
1078 1690 1119 1734 ac
1136 1689 1241 1753 prope

156 1771 298 1852 aqualis
315 1770 562 1855 imperatoriae3
585 1771 628 1834 ad
646 1770 757 1836 Titum
783 1775 880 1848 enim,
903 1777 939 1836 ut
961 1791 1022 1854 ego
1037 1773 1187 1849 arbitror,
1202 1779 1240 1836 ut

156 1871 214 1935 alii
226 1871 465 1950 Domitianum,
476 1873 682 1956 Vespasiani
693 1873 809 1949 filium,
818 1873 889 1957 ejus
903 1873 1060 1957 Epistola
1071 1881 1132 1937 est.
1158 1872 1239 1951 Quo

155 1969 231 2035 loco
241 1972 365 2055 digredi
373 1975 619 2056 cogor,veritus
627 1993 668 2039 ne
676 1974 718 2037 de
727 1976 838 2057 operis
848 1993 984 2057 quoque
993 1977 1239 2057 nuncupatione

155 2069 257 2137 Plinii
280 2080 337 2141 aut
347 2076 467 2160 judicii
482 2075 711 2146 infirmitatem,
727 2081 785 2138 aut
801 2073 902 2138 animi
917 2076 1166 2158 perversitatem
1182 2075 1241 2139 ad-

153 2176 294 2238 versarii
319 2176 484 2255 damnent,
507 2179 587 2259 qrria
606 2176 740 2240 deliciis
750 2175 885 2239 humani
900 2176 1024 2256 geuerm
1034 2175 1115 2239 Tito
1130 2176 1241 2257 impu·

153 2273 320 2341 tissimum
330 2297 372 2342 ac
384 2277 681 2360 flagitiosissimum
690 2277 818 2340 fratrem
828 2274 1019 2359 praetulerit,
1030 2281 1065 2339 ut
1075 2277 1238 2340 nonnullis

153 2374 264 2440 visum
287 2387 349 2456 est,
373 2379 569 2445 Domitiano
580 2396 661 2443 suos
674 2397 696 2444 a
711 2376 825 2443 Plinio
839 2377 955 2452 libros,
969 2395 1034 2440 non
1046 2376 1139 2453 Tito,
1154 2394 1237 2460 quo·

152 2476 289 2542 rundam
308 2482 516 2564 antiquorum
541 2481 696 2545 codicum
718 2479 909 2562 testimonio
931 2484 1139 2561 nuncupatos
1159 2496 1237 2542 asse

152 2579 441 2660 contendentibus,
462 2592 563 2666 utque
578 2601 619 2647 ea
631 2580 785 2664 inprimis
797 2579 936 2657 ratione,
950 2579 1039 2661 qnod
1062 2579 1151 2642 ultra
1160 2597 1239 2646 sex·

151 2683 221 2742 tum
235 2681 453 2759 consulatum,
467 2702 534 2767 quo
549 2683 694 2748 dicatum
707 2699 803 2745 suum
819 2678 962 2744 aPlinio
976 2678 1039 2743 suit
1052 2699 1149 2763 opus,
1160 2699 1235 2764 sep·

151 2779 264 2844 timum
288 2801 354 2846 non
377 2785 515 2863 gesserit
538 2791 633 2866 patre
656 2783 787 2848 virente
803 2780 1025 2856 Domitianus,
1039 2780 1100 2845 sed
1119 2781 1235 2863 Titus,

150 2881 240 2963 quod
267 2883 323 2964 qai
346 2885 452 2966 patris
475 2886 592 2950 laudes
615 2885 748 2961 cecinit,
771 2889 804 2947 at
826 2883 860 2946 in
881 2881 923 2946 iis
945 2883 1092 2945 meminit
1112 2882 1235 2960 l'ratris,

149 2981 246 3052 luerit
273 2983 485 3066 Domitianus
510 2986 709 3052 auctoritate
735 2983 862 3049 Valerii
885 2981 1014 3058 Flacci,
1038 2981 1127 3064 quod
1148 2984 1234 3048 iuter

149 3091 297 3154 celebres
320 3091 374 3154 eui
398 3091 556 3174 temporis
579 3087 892 3172 potandarum
922 3083 1063 3166 acquod
1079 3084 1236 3166 quemad·

148 3190 286 3255 modurn
301 3191 435 3256 fratrem
449 3193 635 3256 imitaretur
645 3189 852 3272 excogitasse
863 3206 937 3251 eum
949 3185 1080 3249 Plinius
1095 3186 1128 3247 in
1143 3184 1235 3250 Prae·

148 3291 274 3356 satione
300 3294 469 3376 scripserit
480 3293 586 3374 ;‘nam
604 3298 695 3358 caret
714 3290 805 3354 omni
829 3289 898 3353 veri
920 3287 1021 3352 simili
1035 3287 1234 3370 conjectura.

148 3393 366 3460 Hermolaum
397 3397 577 3459 Barbarum
600 3395 664 3460 boc
683 3393 815 3458 nomine
838 3408 975 3466 excuso,
999 3388 1089 3472 quod
1115 3387 1234 3450 dubius

148 3497 283 3562 haeserit
296 3497 328 3559 in
340 3497 403 3562 hac
418 3497 625 3579 questione:
646 3515 707 3559 eos
721 3512 799 3559 uero
813 3510 876 3556 uon
896 3489 1051 3554 damnare
1072 3507 1135 3552 nou
1151 3507 1231 3571 pos·

146 3619 233 3678 eum,
264 3599 321 3681 qui
347 3607 414 3664 tarn
443 3599 621 3676 obstinato,
644 3616 745 3681 quam
769 3595 919 3677 imperite
941 3598 1113 3675 patronum
1138 3592 1232 3674 operi

147 3699 317 3766 delectum
328 3701 550 3766 Domitianum
566 3703 772 3778 asseverant3
795 3696 1034 3779 imperatorem
1046 3693 1231 3771 enimcum,

146 3803 189 3867 ad
206 3821 305 3886 quem
329 3803 459 3867 Plinius
483 3801 610 3876 scribit,
633 3797 824 3884 appellasse
848 3798 980 3860 vivente
995 3802 1100 3876 patre,
1114 3793 1229 3856 'litum

145 3904 363 3982 intellexisse,
387 3910 515 3969 constat
543 3922 588 3967 ex
609 3903 668 3966 lib.
691 3899 841 3964 secundo
864 3897 1038 3962 Naturalis
1064 3893 1228 3956 Historiae

146 4025 221 4090 cup.
236 4007 291 4072 13.
305 4027 379 4072 cum
395 4007 460 4072 ait:
483 4011 494 4042 ‘
511 4003 559 4070 Ul
572 4006 604 4069 in
619 4002 797 4069 duodecim
818 3998 935 4064 diebus
945 4003 1117 4077 utrumque
1133 3991 1229 4056 sidus

143 4107 219 4192 (Sol
234 4108 400 4186 videlicet,
415 4114 451 4171 et
465 4102 577 4189 Luna)
587 4110 765 4189 queretur,
777 4109 810 4168 ot
820 4107 933 4164 nostro
945 4115 1018 4162 aevo
1031 4093 1154 4158 accidit
1167 4095 1228 4159 im·

145 4211 354 4292 potatoribus
369 4207 589 4291 vespasianis
605 4211 700 4290 patre
715 4219 770 4269 ιιι.
784 4207 848 4280 (ιι.
863 4201 930 4283 legi
943 4198 1069 4274 debuit)
1083 4195 1152 4263 tilio
1167 4199 1228 4263 ite-
