3016 4876
438 379 572 430 suerro
596 381 620 428 ι.
644 379 757 430 rauel
780 381 964 430 ororetur.
1201 369 1243 431 57

155 521 283 606 perium
307 521 435 598 linisset,
458 523 524 588 cisi·
546 522 633 588 dnos
657 540 762 588 annos
785 523 929 605 integros
953 521 1038 587 iuter
1062 523 1247 587 secundnm

155 623 365 688 consulatum
378 622 542 701 sunctum,
557 633 591 688 et
603 626 734 689 tertium
748 624 865 688 initum
878 624 1142 706 interposuisset,
1154 644 1242 707 quos

155 725 363 789 continuatos
381 725 525 806 gessisse
538 725 629 790 nullo
644 745 733 790 anno
748 725 967 807 distinguente
981 731 1122 790 constat.
1167 727 1245 792 Neo
1375 715 1379 728 ’

156 833 220 901 est,
235 843 293 888 cnr
308 824 439 889 dicatur
453 833 596 890 errorem
611 843 688 890 esse
710 827 745 889 in
766 844 915 904 nummo,
938 827 997 908 qui
1020 826 1101 892 Cos.
1119 846 1158 891 ιι.
1183 847 1248 911 pro·

157 941 212 990 ιιι.
236 925 402 990 habuerit.
453 925 544 991 Nam
566 925 664 990 tertio
690 925 867 991 consulatu
898 926 980 990 inito
1005 945 1090 991 anno
1114 928 1244 1010 imperii

155 1027 274 1109 primo,
285 1025 330 1091 ad
340 1026 449 1109 quinti
462 1027 588 1090 mensis
600 1032 785 1092 extremum
795 1027 938 1110 imperii,
947 1031 979 1092 et
991 1028 1173 1094 tribunitiae
1181 1048 1244 1110 po·

156 1129 301 1205 testatis,
316 1146 424 1192 annus
439 1127 606 1192 secundus
619 1119 802 1193 tribunitiae
812 1128 989 1211 potestatis
1012 1129 1186 1194 universus
1208 1131 1245 1194 iu

156 1231 288 1293 tertium
312 1227 531 1292 Consulatum
555 1228 739 1307 incidisset,
761 1229 1016 1295 adversantibus
1037 1232 1173 1313 antiqua
1194 1233 1245 1295 in·

156 1331 339 1413 scriptione
360 1337 396 1393 et
412 1347 550 1394 nummo
568 1348 647 1393 mox
667 1329 829 1408 dicendis,
851 1331 886 1393 in
902 1331 1025 1413 quibus
1039 1331 1245 1396 nibnuitianr

157 1438 359 1514 potestatem
372 1431 519 1495 seeundo
531 1437 714 1496 assumtam
725 1451 799 1496 curu
811 1432 957 1497 meando
969 1431 1154 1498 Consulatu
1170 1433 1246 1499 Ha-

157 1531 307 1597 drianum
322 1531 466 1615 gessisse
480 1533 609 1615 legitur,
630 1532 665 1597 iu
687 1533 792 1598 veteri
818 1534 952 1616 quidem
976 1535 1194 1619 inscriptione
1209 1537 1245 1600 iu

158 1635 243 1699 hunc
256 1633 410 1699 modurn:

201 1783 279 1832 llll’.
303 1783 445 1832 casam
468 1783 549 1830 DlVl
571 1783 731 1832 restant
752 1785 930 1835 ruarmo!
957 1787 1080 1835 renlvr
1105 1787 1244 1837 NERVAE

159 1885 442 1933 Neronum
467 1887 670 1935 flaontino
695 1887 781 1936 Ave.
808 1888 918 1937 ΡΟΝΤ.
950 1889 1047 1937 Max.
1070 1891 1131 1938 rit.
1165 1889 1249 1966 ror..

159 1984 198 2034 11.
223 1985 327 2036 ΟΟΝΒ.
346 1989 383 2032 ΙΙ.

159 2104 198 2169 In
217 2124 352 2170 nummo
365 2125 441 2171 vero
452 2106 521 2171 sic:

202 2241 279 2288 tur.
303 2239 432 2290 OAESAR
453 2239 652 2289 TRAIANVS
675 2241 899 2290 HADRIANVS
920 2243 1005 2292 Avo.
1021 2244 1131 2295 PON'P.
1150 2245 1246 2294 ΜᾸΧ.
1274 2215 1278 2221 ¹

160 2343 221 2390 ΤΒ.
245 2343 324 2390 Po'l'.
347 2342 424 2390 OOS.
441 2343 483 2389 lt.
505 2344 707 2392 ADVENTVS
730 2345 818 2391 Avo.
841 2345 872 2392 S·
895 2345 928 2393 0·

203 2454 272 2518 Hic
289 2471 392 2537 porro
408 2452 572 2517 Hadriani
586 2451 732 2517 Romam
752 2455 881 2536 primns
896 2453 1063 2518 adventus
1077 2460 1148 2519 est:
1170 2475 1248 2539 pro·

161 2557 251 2620 liuns
266 2556 356 2620 enirn
366 2555 413 2620 ab
429 2556 571 2638 imperio
586 2564 750 2639 suscepto
766 2555 909 2620 Romam
923 2557 1034 2621 venire
1050 2575 1115 2620 uon
1138 2557 1249 2639 potuit

130 2705 135 2716 .
160 2659 259 2722 rebam
274 2657 404 2740 imperii
419 2657 468 2719 ita
490 2657 754 2738 postulantibus,
769 2676 845 2722 cum
862 2657 939 2723 alite
955 2657 1112 2722 nationes
1127 2657 1250 2722 defice·

159 2766 244 2836 rent,
257 2758 335 2824 aliae
352 2757 396 2821 ad
411 2754 627 2822 delectionem
641 2758 762 2823 erectis
775 2759 894 2824 animis
907 2761 1100 2843 aspirarent.
1145 2758 1250 2838 Quod

161 2863 190 2926 si
205 2878 287 2926 vera
307 2866 388 2923 suut
412 2863 636 2941 preterquam
651 2878 727 2943 qum
755 2877 841 2923 amo
864 2859 1002 2944 Trajani
1017 2877 1169 2926 x11.non
1189 2860 1249 2926 de-

161 2961 265 3028 cessit
290 2959 422 3024 Plinius
446 2957 579 3036 Juuior,
599 2960 700 3024 etiam
721 2958 887 3026 Hadriani
912 2962 1131 3045 principatum
1153 2962 1249 3041 vidit,

161 3059 274 3148 quern,
287 3073 326 3127 ut
336 3062 484 3126 diximus
501 3060 694 3126 Hadrianus
708 3060 789 3127 Ces.
807 3078 848 3126 ιι.
872 3061 1065 3145 designatus
1083 3065 1250 3128 obtinuitz·

161 3187 286 3244 rerum,
314 3171 354 3229 ut
379 3164 531 3240 arbitror,
556 3163 665 3228 verius
689 3163 804 3229 ‘Arrio
830 3163 1024 3242 Antonino,’
1055 3165 1149 3249 quod
1172 3165 1249 3230 aliis

160 3271 282 3353 placet,
298 3266 454 3349 Epistola
467 3264 547 3330 data
571 3272 634 3342 est,
654 3270 775 3348 qnam‘
788 3265 962 3332 Hadriano
978 3265 998 3326 ι’
1018 3264 1048 3330 si
1068 3265 1200 3349 quidem
1213 3267 1249 3330 in

160 3391 201 3436 ea
215 3371 258 3448 is,
273 3371 328 3434 cui
343 3369 503 3451 inscripta
516 3375 579 3445 est,
601 3373 612 3405 ‘
621 3373 721 3432 aetate
736 3369 892 3452 princeps
912 3364 1077 3432 civitatis’
1098 3366 1253 3456 appellas

161 3485 224 3550 tur,
237 3470 397 3536 Hadriani
410 3475 510 3534 aetate
524 3470 587 3534 hoc
601 3488 665 3533 non
680 3470 882 3547 admittente,
897 3487 974 3553 quar
990 3483 1054 3532 xl..
1069 3486 1134 3533 non
1148 3485 1250 3534 exee-

162 3575 371 3652 deret;cu1n
400 3569 520 3635 Arrius
547 3569 737 3635 Antoninus
761 3589 805 3635 ex
819 3570 913 3635 Julio
937 3570 1129 3654 Capitolino
1151 3573 1249 3636 annis

162 3683 238 3739 ante
253 3675 429 3756 imperinm
450 3671 586 3756 Trajani
602 3671 779 3736 duodecim
793 3677 911 3756 nepote
929 3671 1115 3751 Antonino,
1135 3691 1176 3737 eo
1190 3673 1251 3758 qni

161 3785 242 3861 post
258 3773 468 3840 Hadrianum
493 3772 679 3856 imperarit,
704 3771 777 3856 jam
802 3778 892 3850 nato,
914 3791 999 3838 aros
1020 3779 1120 3848 esset,
1135 3778 1250 3838 tautae-

162 3897 226 3963 qne
242 3875 471 3952 auctoritatis,
487 3882 525 3938 ut
548 3880 664 3939 erecto
683 3873 726 3938 cd
748 3874 924 3957 imperinm
940 3873 1067 3938 Nervae
1089 3891 1165 3936 cum
1187 3873 1259 3937 Se-¹

160 3987 259 4046 uatus
272 3979 446 4043 universus
461 3977 691 4060 gratularetur,
704 3976 800 4040 solus
813 3994 891 4040 eum
910 3975 1121 4057 amplexatus
1137 3973 1250 4038 dicere

163 4085 208 4150 sit
223 4099 345 4146 ausus:
361 4078 533 4153 ‘Senatui
546 4078 754 4162 populoque,
763 4095 805 4142 ac
820 4076 1002 4168 prouinciis
1010 4075 1052 4139 de
1065 4081 1098 4139 te
1112 4074 1250 4159 quidem

161 4182 314 4270 principe
327 4179 428 4248 valde
442 4197 510 4245 nou
526 4179 684 4265 gratulari
698 4195 765 4244 non
779 4195 940 4264 possum
962 4177 1025 4242 tibi
1038 4173 1132 4242 nullu
1146 4177 1248 4242 modo
