<?xml version="1.0" encoding="UTF-8"?>
<!DOCTYPE html PUBLIC "-//W3C//DTD XHTML 1.0 Transitional//EN"
    "http://www.w3.org/TR/xhtml1/DTD/xhtml1-transitional.dtd">
<html xmlns="http://www.w3.org/1999/xhtml" xml:lang="en" lang="en">
 <head>
  <title>
</title>
<meta http-equiv="Content-Type" content="text/html;charset=utf-8" />
  <meta name='ocr-system' content='tesseract 3.04.00' />
  <meta name='ocr-capabilities' content='ocr_page ocr_carea ocr_par ocr_line ocrx_word'/>
</head>
<body>
  <div class='ocr_page' id='page_1' title='image "./cpliniisecundin09brotgoog_0150.png"; bbox 0 0 3006 4874; ppageno 0'>
   <div class='ocr_carea' id='block_1_1' title="bbox 448 399 1265 466">
    <p class='ocr_par' dir='ltr' id='par_1_1' title="bbox 448 399 1265 466">
     <span class='ocr_line' id='line_1_1' title="bbox 448 399 1265 466; baseline 0.009 -7"><span class='ocrx_word' id='word_1_1' title='bbox 448 411 578 460; x_wconf 81' lang='lat' dir='ltr'><strong>usuum</strong></span> <span class='ocrx_word' id='word_1_2' title='bbox 603 411 642 460; x_wconf 89' lang='lat' dir='ltr'><strong>rr.</strong></span> <span class='ocrx_word' id='word_1_3' title='bbox 668 411 781 462; x_wconf 79' lang='lat' dir='ltr'><strong>erum</strong></span> <span class='ocrx_word' id='word_1_4' title='bbox 806 411 985 463; x_wconf 77' lang='lat' dir='ltr'><strong>cucurum.</strong></span> <span class='ocrx_word' id='word_1_5' title='bbox 1202 399 1265 466; x_wconf 80' lang='grc'><strong>137</strong></span> 
     </span>
    </p>
   </div>
   <div class='ocr_carea' id='block_1_2' title="bbox 102 554 1265 4173">
    <p class='ocr_par' dir='ltr' id='par_1_2' title="bbox 102 554 1265 4173">
     <span class='ocr_line' id='line_1_2' title="bbox 175 554 1262 641; baseline 0.005 -24"><span class='ocrx_word' id='word_1_6' title='bbox 175 555 259 617; x_wconf 86' lang='lat' dir='ltr'><strong>iuter</strong></span> <span class='ocrx_word' id='word_1_7' title='bbox 271 571 310 618; x_wconf 90' lang='lat' dir='ltr'><strong>se</strong></span> <span class='ocrx_word' id='word_1_8' title='bbox 335 554 549 637; x_wconf 77' lang='lat' dir='ltr'>conspirasse</span> <span class='ocrx_word' id='word_1_9' title='bbox 574 554 850 638; x_wconf 76' lang='lat' dir='ltr'>deprehendisset,</span> <span class='ocrx_word' id='word_1_10' title='bbox 873 557 969 641; x_wconf 88' lang='lat' dir='ltr'><strong>cujus</strong></span> <span class='ocrx_word' id='word_1_11' title='bbox 986 563 1096 622; x_wconf 88' lang='lat' dir='ltr'><strong>tamen</strong></span> <span class='ocrx_word' id='word_1_12' title='bbox 1113 565 1177 640; x_wconf 83' lang='lat' dir='ltr'><strong>est,</strong></span> <span class='ocrx_word' id='word_1_13' title='bbox 1196 577 1262 622; x_wconf 92' lang='lat' dir='ltr'><strong>non</strong></span> 
     </span>
     <span class='ocr_line' id='line_1_3' title="bbox 175 653 1265 753; baseline 0.006 -36"><span class='ocrx_word' id='word_1_14' title='bbox 175 653 289 732; x_wconf 83' lang='lat' dir='ltr'><strong>Plinii,</strong></span> <span class='ocrx_word' id='word_1_15' title='bbox 312 656 426 738; x_wconf 87' lang='lat' dir='ltr'><strong>‘capri</strong></span> <span class='ocrx_word' id='word_1_16' title='bbox 442 655 634 737; x_wconf 87' lang='lat' dir='ltr'><strong>sanguinem</strong></span> <span class='ocrx_word' id='word_1_17' title='bbox 656 659 917 753; x_wconf 32' lang='lat' dir='ltr'><strong>terrm-Lemniae</strong></span> <span class='ocrx_word' id='word_1_18' title='bbox 933 658 1111 723; x_wconf 82' lang='lat' dir='ltr'><strong>admisceri</strong></span> <span class='ocrx_word' id='word_1_19' title='bbox 1122 678 1265 725; x_wconf 87' lang='lat' dir='ltr'><strong>cousue-</strong></span> 
     </span>
     <span class='ocr_line' id='line_1_4' title="bbox 175 754 1261 841; baseline 0.006 -23"><span class='ocrx_word' id='word_1_20' title='bbox 175 754 291 834; x_wconf 86' lang='lat' dir='ltr'><strong>uisse,’</strong></span> <span class='ocrx_word' id='word_1_21' title='bbox 306 755 398 839; x_wconf 90' lang='lat' dir='ltr'><strong>quod</strong></span> <span class='ocrx_word' id='word_1_22' title='bbox 413 775 489 820; x_wconf 91' lang='lat' dir='ltr'><strong>cum</strong></span> <span class='ocrx_word' id='word_1_23' title='bbox 503 757 617 822; x_wconf 88' lang='lat' dir='ltr'><strong>l&#39;abula</strong></span> <span class='ocrx_word' id='word_1_24' title='bbox 632 757 688 834; x_wconf 91' lang='lat' dir='ltr'><strong>sit,</strong></span> <span class='ocrx_word' id='word_1_25' title='bbox 707 761 835 841; x_wconf 76' lang='lat' dir='ltr'><strong>quaein</strong></span> <span class='ocrx_word' id='word_1_26' title='bbox 849 759 977 824; x_wconf 81' lang='lat' dir='ltr'><strong>lemno</strong></span> <span class='ocrx_word' id='word_1_27' title='bbox 993 779 1014 824; x_wconf 91' lang='lat' dir='ltr'><strong>a</strong></span> <span class='ocrx_word' id='word_1_28' title='bbox 1029 759 1163 826; x_wconf 85' lang='lat' dir='ltr'><strong>Galeno</strong></span> <span class='ocrx_word' id='word_1_29' title='bbox 1178 761 1261 826; x_wconf 83' lang='lat' dir='ltr'><strong>forte</strong></span> 
     </span>
     <span class='ocr_line' id='line_1_5' title="bbox 171 857 1262 944; baseline 0.005 -24"><span class='ocrx_word' id='word_1_30' title='bbox 171 863 304 920; x_wconf 80' lang='lat' dir='ltr'><strong>narrata</strong></span> <span class='ocrx_word' id='word_1_31' title='bbox 316 857 477 938; x_wconf 89' lang='lat' dir='ltr'><strong>indigenis</strong></span> <span class='ocrx_word' id='word_1_32' title='bbox 490 858 589 922; x_wconf 90' lang='lat' dir='ltr'><strong>risum</strong></span> <span class='ocrx_word' id='word_1_33' title='bbox 601 862 828 937; x_wconf 86' lang='lat' dir='ltr'><strong>commoverit,</strong></span> <span class='ocrx_word' id='word_1_34' title='bbox 840 879 947 943; x_wconf 89' lang='lat' dir='ltr'><strong>neque</strong></span> <span class='ocrx_word' id='word_1_35' title='bbox 960 861 1033 943; x_wconf 87' lang='lat' dir='ltr'><strong>ipse</strong></span> <span class='ocrx_word' id='word_1_36' title='bbox 1045 861 1139 938; x_wconf 87' lang='lat' dir='ltr'><strong>vidit,</strong></span> <span class='ocrx_word' id='word_1_37' title='bbox 1154 879 1262 944; x_wconf 89' lang='lat' dir='ltr'><strong>neque</strong></span> 
     </span>
     <span class='ocr_line' id='line_1_6' title="bbox 173 955 1262 1045; baseline 0.006 -25"><span class='ocrx_word' id='word_1_38' title='bbox 173 977 194 1020; x_wconf 90' lang='lat' dir='ltr'><strong>a</strong></span> <span class='ocrx_word' id='word_1_39' title='bbox 208 955 296 1022; x_wconf 86' lang='lat' dir='ltr'><strong>fideli</strong></span> <span class='ocrx_word' id='word_1_40' title='bbox 321 963 486 1022; x_wconf 78' lang='lat' dir='ltr'><strong>narratore</strong></span> <span class='ocrx_word' id='word_1_41' title='bbox 506 960 650 1043; x_wconf 90' lang='lat' dir='ltr'><strong>accepit.</strong></span> <span class='ocrx_word' id='word_1_42' title='bbox 694 960 805 1024; x_wconf 84' lang='lat' dir='ltr'><strong>Multa</strong></span> <span class='ocrx_word' id='word_1_43' title='bbox 818 962 867 1025; x_wconf 87' lang='lat' dir='ltr'><strong>sic</strong></span> <span class='ocrx_word' id='word_1_44' title='bbox 892 961 966 1045; x_wconf 88' lang='lat' dir='ltr'><strong>ipse</strong></span> <span class='ocrx_word' id='word_1_45' title='bbox 990 961 1108 1026; x_wconf 91' lang='lat' dir='ltr'><strong>melius</strong></span> <span class='ocrx_word' id='word_1_46' title='bbox 1137 961 1262 1026; x_wconf 88' lang='lat' dir='ltr'><strong>descri-</strong></span> 
     </span>
     <span class='ocr_line' id='line_1_7' title="bbox 172 1058 1261 1144; baseline 0.006 -24"><span class='ocrx_word' id='word_1_47' title='bbox 172 1058 247 1120; x_wconf 90' lang='lat' dir='ltr'><strong>bere</strong></span> <span class='ocrx_word' id='word_1_48' title='bbox 262 1059 386 1140; x_wconf 90' lang='lat' dir='ltr'><strong>poluit,</strong></span> <span class='ocrx_word' id='word_1_49' title='bbox 403 1059 437 1122; x_wconf 92' lang='lat' dir='ltr'><strong>in</strong></span> <span class='ocrx_word' id='word_1_50' title='bbox 452 1077 594 1141; x_wconf 87' lang='lat' dir='ltr'><strong>quorum</strong></span> <span class='ocrx_word' id='word_1_51' title='bbox 610 1060 775 1124; x_wconf 86' lang='lat' dir='ltr'><strong>nonnullis</strong></span> <span class='ocrx_word' id='word_1_52' title='bbox 788 1061 1070 1144; x_wconf 73' lang='lat' dir='ltr'><strong>repraesentandis</strong></span> <span class='ocrx_word' id='word_1_53' title='bbox 1085 1080 1184 1126; x_wconf 90' lang='lat' dir='ltr'><strong>uemo</strong></span> <span class='ocrx_word' id='word_1_54' title='bbox 1195 1079 1261 1126; x_wconf 90' lang='lat' dir='ltr'><strong>nou</strong></span> 
     </span>
     <span class='ocr_line' id='line_1_8' title="bbox 174 1157 1260 1243; baseline 0.005 -23"><span class='ocrx_word' id='word_1_55' title='bbox 174 1157 322 1223; x_wconf 83' lang='lat' dir='ltr'><strong>Plinium</strong></span> <span class='ocrx_word' id='word_1_56' title='bbox 345 1168 491 1224; x_wconf 91' lang='lat' dir='ltr'><strong>nostrum</strong></span> <span class='ocrx_word' id='word_1_57' title='bbox 513 1160 779 1242; x_wconf 85' lang='lat' dir='ltr'><strong>anteponendum</strong></span> <span class='ocrx_word' id='word_1_58' title='bbox 799 1160 976 1243; x_wconf 87' lang='lat' dir='ltr'><strong>judicabit.</strong></span> <span class='ocrx_word' id='word_1_59' title='bbox 1020 1161 1115 1228; x_wconf 83' lang='lat' dir='ltr'>Idem</span> <span class='ocrx_word' id='word_1_60' title='bbox 1141 1162 1260 1226; x_wconf 88' lang='lat' dir='ltr'><strong>debis</strong></span> 
     </span>
     <span class='ocr_line' id='line_1_9' title="bbox 171 1260 1260 1341; baseline 0.006 -20"><span class='ocrx_word' id='word_1_61' title='bbox 171 1277 249 1341; x_wconf 83' lang='lat' dir='ltr'><strong>quoe</strong></span> <span class='ocrx_word' id='word_1_62' title='bbox 279 1260 313 1324; x_wconf 91' lang='lat' dir='ltr'><strong>iu</strong></span> <span class='ocrx_word' id='word_1_63' title='bbox 344 1260 452 1324; x_wconf 87' lang='lat' dir='ltr'><strong>sinum</strong></span> <span class='ocrx_word' id='word_1_64' title='bbox 475 1260 659 1326; x_wconf 83' lang='lat' dir='ltr'><strong>Arabicum</strong></span> <span class='ocrx_word' id='word_1_65' title='bbox 682 1281 727 1326; x_wconf 87' lang='lat' dir='ltr'><strong>ex</strong></span> <span class='ocrx_word' id='word_1_66' title='bbox 749 1262 848 1328; x_wconf 91' lang='lat' dir='ltr'><strong>India</strong></span> <span class='ocrx_word' id='word_1_67' title='bbox 870 1271 1032 1329; x_wconf 80' lang='lat' dir='ltr'><strong>convectu</strong></span> <span class='ocrx_word' id='word_1_68' title='bbox 1053 1266 1086 1328; x_wconf 94' lang='lat' dir='ltr'><strong>in</strong></span> <span class='ocrx_word' id='word_1_69' title='bbox 1108 1263 1260 1329; x_wconf 86' lang='lat' dir='ltr'><strong>diversas</strong></span> 
     </span>
     <span class='ocr_line' id='line_1_10' title="bbox 171 1359 1259 1445; baseline 0.006 -22"><span class='ocrx_word' id='word_1_70' title='bbox 171 1359 320 1443; x_wconf 86' lang='lat' dir='ltr'><strong>Europae</strong></span> <span class='ocrx_word' id='word_1_71' title='bbox 335 1362 487 1444; x_wconf 81' lang='lat' dir='ltr'><strong>regiones</strong></span> <span class='ocrx_word' id='word_1_72' title='bbox 506 1382 567 1445; x_wconf 91' lang='lat' dir='ltr'><strong>per</strong></span> <span class='ocrx_word' id='word_1_73' title='bbox 585 1371 781 1428; x_wconf 81' lang='lat' dir='ltr'><strong>mercatores</strong></span> <span class='ocrx_word' id='word_1_74' title='bbox 795 1363 1061 1428; x_wconf 80' lang='lat' dir='ltr'><strong>distrahebantur</strong></span> <span class='ocrx_word' id='word_1_75' title='bbox 1075 1381 1259 1430; x_wconf 89' lang='lat' dir='ltr'><strong>sermonem</strong></span> 
     </span>
     <span class='ocr_line' id='line_1_11' title="bbox 170 1460 1261 1545; baseline 0.004 -21"><span class='ocrx_word' id='word_1_76' title='bbox 170 1460 308 1539; x_wconf 85' lang='lat' dir='ltr'><strong>habens,</strong></span> <span class='ocrx_word' id='word_1_77' title='bbox 328 1481 414 1545; x_wconf 88' lang='lat' dir='ltr'><strong>qnas</strong></span> <span class='ocrx_word' id='word_1_78' title='bbox 434 1462 566 1527; x_wconf 82' lang='lat' dir='ltr'><strong>fabulas</strong></span> <span class='ocrx_word' id='word_1_79' title='bbox 590 1483 656 1527; x_wconf 92' lang='lat' dir='ltr'><strong>non</strong></span> <span class='ocrx_word' id='word_1_80' title='bbox 677 1464 963 1528; x_wconf 85' lang='lat' dir='ltr'><strong>comminiscitur&#39;l</strong></span> <span class='ocrx_word' id='word_1_81' title='bbox 985 1468 1021 1526; x_wconf 90' lang='lat' dir='ltr'><strong>ut</strong></span> <span class='ocrx_word' id='word_1_82' title='bbox 1042 1463 1132 1545; x_wconf 92' lang='lat' dir='ltr'><strong>quod</strong></span> <span class='ocrx_word' id='word_1_83' title='bbox 1154 1462 1261 1544; x_wconf 83' lang='lat' dir='ltr'><strong>Piper</strong></span> 
     </span>
     <span class='ocr_line' id='line_1_12' title="bbox 169 1562 1259 1646; baseline 0.003 -21"><span class='ocrx_word' id='word_1_84' title='bbox 169 1563 293 1640; x_wconf 91' lang='lat' dir='ltr'><strong>album,</strong></span> <span class='ocrx_word' id='word_1_85' title='bbox 308 1563 447 1645; x_wconf 90' lang='lat' dir='ltr'><strong>nigrum,</strong></span> <span class='ocrx_word' id='word_1_86' title='bbox 469 1573 503 1627; x_wconf 89' lang='lat' dir='ltr'><strong>et</strong></span> <span class='ocrx_word' id='word_1_87' title='bbox 531 1562 666 1644; x_wconf 87' lang='lat' dir='ltr'><strong>longum</strong></span> <span class='ocrx_word' id='word_1_88' title='bbox 689 1562 807 1626; x_wconf 89' lang='lat' dir='ltr'><strong>eadem</strong></span> <span class='ocrx_word' id='word_1_89' title='bbox 830 1582 874 1626; x_wconf 86' lang='lat' dir='ltr'><strong>ex</strong></span> <span class='ocrx_word' id='word_1_90' title='bbox 896 1563 1010 1646; x_wconf 89' lang='lat' dir='ltr'><strong>planta</strong></span> <span class='ocrx_word' id='word_1_91' title='bbox 1032 1562 1259 1646; x_wconf 72' lang='lat' dir='ltr'><strong>decerpuntur,</strong></span> 
     </span>
     <span class='ocr_line' id='line_1_13' title="bbox 169 1663 1259 1748; baseline 0.005 -22"><span class='ocrx_word' id='word_1_92' title='bbox 169 1663 233 1726; x_wconf 91' lang='lat' dir='ltr'><strong>boc</strong></span> <span class='ocrx_word' id='word_1_93' title='bbox 256 1664 395 1729; x_wconf 83' lang='lat' dir='ltr'><strong>fructum</strong></span> <span class='ocrx_word' id='word_1_94' title='bbox 420 1683 494 1728; x_wconf 88' lang='lat' dir='ltr'><strong>csse</strong></span> <span class='ocrx_word' id='word_1_95' title='bbox 521 1664 735 1728; x_wconf 86' lang='lat' dir='ltr'><strong>immaturum</strong></span> <span class='ocrx_word' id='word_1_96' title='bbox 758 1663 866 1744; x_wconf 85' lang='lat' dir='ltr'><strong>effigie</strong></span> <span class='ocrx_word' id='word_1_97' title='bbox 889 1666 1097 1748; x_wconf 82' lang='lat' dir='ltr'><strong>siliquarum,</strong></span> <span class='ocrx_word' id='word_1_98' title='bbox 1118 1666 1259 1731; x_wconf 88' lang='lat' dir='ltr'><strong>alterum</strong></span> 
     </span>
     <span class='ocr_line' id='line_1_14' title="bbox 169 1764 1258 1847; baseline 0.006 -21"><span class='ocrx_word' id='word_1_99' title='bbox 169 1766 297 1847; x_wconf 87' lang='lat' dir='ltr'><strong>nigrum</strong></span> <span class='ocrx_word' id='word_1_100' title='bbox 331 1764 558 1829; x_wconf 84' lang='lat' dir='ltr'><strong>maturitatem</strong></span> <span class='ocrx_word' id='word_1_101' title='bbox 595 1773 824 1842; x_wconf 88' lang='lat' dir='ltr'><strong>consecutum,</strong></span> <span class='ocrx_word' id='word_1_102' title='bbox 858 1785 898 1830; x_wconf 90' lang='lat' dir='ltr'><strong>ac</strong></span> <span class='ocrx_word' id='word_1_103' title='bbox 928 1767 1062 1831; x_wconf 89' lang='lat' dir='ltr'><strong>tertium</strong></span> <span class='ocrx_word' id='word_1_104' title='bbox 1091 1768 1258 1845; x_wconf 85' lang='lat' dir='ltr'><strong>acerbum,</strong></span> 
     </span>
     <span class='ocr_line' id='line_1_15' title="bbox 170 1865 1258 1950; baseline 0.001 -22"><span class='ocrx_word' id='word_1_105' title='bbox 170 1872 345 1949; x_wconf 88' lang='lat' dir='ltr'><strong>utrumque</strong></span> <span class='ocrx_word' id='word_1_106' title='bbox 373 1885 416 1930; x_wconf 85' lang='lat' dir='ltr'><strong>ex</strong></span> <span class='ocrx_word' id='word_1_107' title='bbox 440 1866 567 1928; x_wconf 87' lang='lat' dir='ltr'><strong>interna</strong></span> <span class='ocrx_word' id='word_1_108' title='bbox 590 1865 716 1930; x_wconf 89' lang='lat' dir='ltr'><strong>fructus</strong></span> <span class='ocrx_word' id='word_1_109' title='bbox 740 1875 833 1948; x_wconf 89' lang='lat' dir='ltr'><strong>parte</strong></span> <span class='ocrx_word' id='word_1_110' title='bbox 852 1867 944 1931; x_wconf 91' lang='lat' dir='ltr'><strong>milio</strong></span> <span class='ocrx_word' id='word_1_111' title='bbox 966 1867 1161 1950; x_wconf 67' lang='lat' dir='ltr'><strong>similique</strong></span> <span class='ocrx_word' id='word_1_112' title='bbox 1178 1877 1258 1932; x_wconf 86' lang='lat' dir='ltr'><strong>tem·</strong></span> 
     </span>
     <span class='ocr_line' id='line_1_16' title="bbox 169 1966 1258 2054; baseline 0.004 -23"><span class='ocrx_word' id='word_1_113' title='bbox 169 1985 248 2050; x_wconf 91' lang='lat' dir='ltr'><strong>pore</strong></span> <span class='ocrx_word' id='word_1_114' title='bbox 270 1966 444 2030; x_wconf 79' lang='lat' dir='ltr'><strong>dehiscens</strong></span> <span class='ocrx_word' id='word_1_115' title='bbox 464 1984 617 2030; x_wconf 91' lang='lat' dir='ltr'><strong>racemos</strong></span> <span class='ocrx_word' id='word_1_116' title='bbox 632 1968 775 2044; x_wconf 89' lang='lat' dir='ltr'><strong>emittat,</strong></span> <span class='ocrx_word' id='word_1_117' title='bbox 801 1975 910 2032; x_wconf 90' lang='lat' dir='ltr'><strong>ortum</strong></span> <span class='ocrx_word' id='word_1_118' title='bbox 933 1968 1068 2044; x_wconf 89' lang='lat' dir='ltr'><strong>babere,</strong></span> <span class='ocrx_word' id='word_1_119' title='bbox 1091 1967 1152 2032; x_wconf 85' lang='lat' dir='ltr'><strong>sed</strong></span> <span class='ocrx_word' id='word_1_120' title='bbox 1173 1989 1258 2054; x_wconf 88' lang='lat' dir='ltr'><strong>quo·</strong></span> 
     </span>
     <span class='ocr_line' id='line_1_17' title="bbox 167 2066 1257 2153; baseline 0.004 -21"><span class='ocrx_word' id='word_1_121' title='bbox 167 2089 242 2132; x_wconf 92' lang='lat' dir='ltr'><strong>ruru</strong></span> <span class='ocrx_word' id='word_1_122' title='bbox 264 2067 298 2131; x_wconf 92' lang='lat' dir='ltr'><strong>iu</strong></span> <span class='ocrx_word' id='word_1_123' title='bbox 320 2066 526 2148; x_wconf 83' lang='lat' dir='ltr'><strong>ignoratione</strong></span> <span class='ocrx_word' id='word_1_124' title='bbox 541 2068 623 2150; x_wconf 89' lang='lat' dir='ltr'><strong>quia</strong></span> <span class='ocrx_word' id='word_1_125' title='bbox 641 2067 774 2134; x_wconf 90' lang='lat' dir='ltr'><strong>Plinius</strong></span> <span class='ocrx_word' id='word_1_126' title='bbox 789 2087 923 2153; x_wconf 90' lang='lat' dir='ltr'><strong>quoque</strong></span> <span class='ocrx_word' id='word_1_127' title='bbox 945 2069 1057 2147; x_wconf 86' lang='lat' dir='ltr'><strong>luerit,</strong></span> <span class='ocrx_word' id='word_1_128' title='bbox 1073 2069 1150 2134; x_wconf 93' lang='lat' dir='ltr'><strong>uolo</strong></span> <span class='ocrx_word' id='word_1_129' title='bbox 1167 2091 1257 2136; x_wconf 91' lang='lat' dir='ltr'><strong>com-</strong></span> 
     </span>
     <span class='ocr_line' id='line_1_18' title="bbox 167 2167 1257 2254; baseline 0.005 -22"><span class='ocrx_word' id='word_1_130' title='bbox 167 2186 301 2234; x_wconf 90' lang='lat' dir='ltr'><strong>munem</strong></span> <span class='ocrx_word' id='word_1_131' title='bbox 325 2187 465 2232; x_wconf 88' lang='lat' dir='ltr'><strong>errorem</strong></span> <span class='ocrx_word' id='word_1_132' title='bbox 486 2168 701 2233; x_wconf 87' lang='lat' dir='ltr'><strong>Dioscuridis</strong></span> <span class='ocrx_word' id='word_1_133' title='bbox 723 2167 793 2234; x_wconf 87' lang='lat' dir='ltr'><strong>lieri</strong></span> <span class='ocrx_word' id='word_1_134' title='bbox 817 2170 996 2253; x_wconf 87' lang='lat' dir='ltr'><strong>proprium.</strong></span> <span class='ocrx_word' id='word_1_135' title='bbox 1054 2169 1257 2254; x_wconf 84' lang='lat' dir='ltr'><strong>Quanquam</strong></span> 
     </span>
     <span class='ocr_line' id='line_1_19' title="bbox 167 2268 1257 2355; baseline 0.003 -20"><span class='ocrx_word' id='word_1_136' title='bbox 167 2290 232 2336; x_wconf 92' lang='lat' dir='ltr'><strong>nou</strong></span> <span class='ocrx_word' id='word_1_137' title='bbox 245 2270 393 2346; x_wconf 89' lang='lat' dir='ltr'><strong>deerunt,</strong></span> <span class='ocrx_word' id='word_1_138' title='bbox 405 2271 464 2351; x_wconf 85' lang='lat' dir='ltr'><strong>qui</strong></span> <span class='ocrx_word' id='word_1_139' title='bbox 478 2275 573 2334; x_wconf 83' lang='lat' dir='ltr'><strong>tanta</strong></span> <span class='ocrx_word' id='word_1_140' title='bbox 584 2269 825 2352; x_wconf 77' lang='lat' dir='ltr'><strong>cognoscendae</strong></span> <span class='ocrx_word' id='word_1_141' title='bbox 837 2268 993 2336; x_wconf 77' lang='lat' dir='ltr'><strong>Materiae</strong></span> <span class='ocrx_word' id='word_1_142' title='bbox 1005 2269 1149 2336; x_wconf 79' lang='lat' dir='ltr'><strong>Medicas</strong></span> <span class='ocrx_word' id='word_1_143' title='bbox 1161 2273 1257 2355; x_wconf 89' lang='lat' dir='ltr'><strong>cupi·</strong></span> 
     </span>
     <span class='ocr_line' id='line_1_20' title="bbox 166 2370 1257 2455; baseline 0.003 -20"><span class='ocrx_word' id='word_1_144' title='bbox 166 2374 280 2450; x_wconf 90' lang='lat' dir='ltr'><strong>ditate,</strong></span> <span class='ocrx_word' id='word_1_145' title='bbox 296 2377 389 2435; x_wconf 87' lang='lat' dir='ltr'><strong>tanto</strong></span> <span class='ocrx_word' id='word_1_146' title='bbox 401 2371 563 2455; x_wconf 77' lang='lat' dir='ltr'><strong>juvandae</strong></span> <span class='ocrx_word' id='word_1_147' title='bbox 579 2371 788 2453; x_wconf 86' lang='lat' dir='ltr'><strong>posteritatis</strong></span> <span class='ocrx_word' id='word_1_148' title='bbox 798 2370 978 2449; x_wconf 85' lang='lat' dir='ltr'><strong>desiderio,</strong></span> <span class='ocrx_word' id='word_1_149' title='bbox 998 2377 1158 2454; x_wconf 87' lang='lat' dir='ltr'><strong>quantum</strong></span> <span class='ocrx_word' id='word_1_150' title='bbox 1168 2391 1257 2455; x_wconf 76' lang='lat' dir='ltr'><strong>preo-</strong></span> 
     </span>
     <span class='ocr_line' id='line_1_21' title="bbox 165 2467 1256 2556; baseline 0.002 -19"><span class='ocrx_word' id='word_1_151' title='bbox 165 2473 279 2537; x_wconf 90' lang='lat' dir='ltr'><strong>dicant</strong></span> <span class='ocrx_word' id='word_1_152' title='bbox 304 2471 472 2535; x_wconf 89' lang='lat' dir='ltr'><strong>incensum</strong></span> <span class='ocrx_word' id='word_1_153' title='bbox 499 2467 744 2549; x_wconf 89' lang='lat' dir='ltr'><strong>Dioscoridem,</strong></span> <span class='ocrx_word' id='word_1_154' title='bbox 760 2490 801 2536; x_wconf 85' lang='lat' dir='ltr'><strong>ue</strong></span> <span class='ocrx_word' id='word_1_155' title='bbox 816 2471 874 2536; x_wconf 89' lang='lat' dir='ltr'><strong>diu</strong></span> <span class='ocrx_word' id='word_1_156' title='bbox 889 2469 930 2536; x_wconf 89' lang='lat' dir='ltr'><strong>de</strong></span> <span class='ocrx_word' id='word_1_157' title='bbox 952 2472 1013 2536; x_wconf 91' lang='lat' dir='ltr'><strong>bac</strong></span> <span class='ocrx_word' id='word_1_158' title='bbox 1035 2491 1139 2536; x_wconf 88' lang='lat' dir='ltr'><strong>cuusa</strong></span> <span class='ocrx_word' id='word_1_159' title='bbox 1160 2491 1256 2556; x_wconf 85' lang='lat' dir='ltr'><strong>pere·</strong></span> 
     </span>
     <span class='ocr_line' id='line_1_22' title="bbox 167 2570 1256 2655; baseline 0.004 -19"><span class='ocrx_word' id='word_1_160' title='bbox 167 2575 341 2655; x_wconf 86' lang='lat' dir='ltr'><strong>grinatum,</strong></span> <span class='ocrx_word' id='word_1_161' title='bbox 367 2572 398 2635; x_wconf 92' lang='lat' dir='ltr'><strong>in</strong></span> <span class='ocrx_word' id='word_1_162' title='bbox 415 2570 546 2636; x_wconf 85' lang='lat' dir='ltr'><strong>indiam</strong></span> <span class='ocrx_word' id='word_1_163' title='bbox 560 2590 694 2655; x_wconf 89' lang='lat' dir='ltr'><strong>quoque</strong></span> <span class='ocrx_word' id='word_1_164' title='bbox 717 2574 930 2639; x_wconf 85' lang='lat' dir='ltr'><strong>transmittere</strong></span> <span class='ocrx_word' id='word_1_165' title='bbox 952 2572 1110 2637; x_wconf 85' lang='lat' dir='ltr'><strong>debuisse</strong></span> <span class='ocrx_word' id='word_1_166' title='bbox 1125 2579 1256 2640; x_wconf 89' lang='lat' dir='ltr'><strong>conten·</strong></span> 
     </span>
     <span class='ocr_line' id='line_1_23' title="bbox 163 2671 1254 2758; baseline 0.004 -20"><span class='ocrx_word' id='word_1_167' title='bbox 163 2675 260 2753; x_wconf 87' lang='lat' dir='ltr'><strong>duut;</strong></span> <span class='ocrx_word' id='word_1_168' title='bbox 283 2690 359 2738; x_wconf 87' lang='lat' dir='ltr'><strong>cum</strong></span> <span class='ocrx_word' id='word_1_169' title='bbox 380 2671 409 2734; x_wconf 90' lang='lat' dir='ltr'><strong>si</strong></span> <span class='ocrx_word' id='word_1_170' title='bbox 433 2671 588 2737; x_wconf 89' lang='lat' dir='ltr'><strong>Straboni</strong></span> <span class='ocrx_word' id='word_1_171' title='bbox 617 2673 829 2738; x_wconf 91' lang='lat' dir='ltr'><strong>nobilissimo</strong></span> <span class='ocrx_word' id='word_1_172' title='bbox 860 2673 1069 2738; x_wconf 88' lang='lat' dir='ltr'><strong>historiamm</strong></span> <span class='ocrx_word' id='word_1_173' title='bbox 1099 2675 1254 2758; x_wconf 87' lang='lat' dir='ltr'><strong>scriptori</strong></span> 
     </span>
     <span class='ocr_line' id='line_1_24' title="bbox 102 2772 1254 2858; baseline 0 -18"><span class='ocrx_word' id='word_1_174' title='bbox 102 2799 107 2808; x_wconf 94' lang='lat'><strong>·</strong></span> <span class='ocrx_word' id='word_1_175' title='bbox 164 2773 318 2840; x_wconf 89' lang='lat' dir='ltr'><strong>habenda</strong></span> <span class='ocrx_word' id='word_1_176' title='bbox 331 2781 384 2838; x_wconf 88' lang='lat' dir='ltr'><strong>est</strong></span> <span class='ocrx_word' id='word_1_177' title='bbox 397 2772 494 2850; x_wconf 84' lang='lat' dir='ltr'><strong>fides,</strong></span> <span class='ocrx_word' id='word_1_178' title='bbox 509 2775 563 2838; x_wconf 88' lang='lat' dir='ltr'><strong>vel</strong></span> <span class='ocrx_word' id='word_1_179' title='bbox 579 2779 648 2839; x_wconf 91' lang='lat' dir='ltr'><strong>tum</strong></span> <span class='ocrx_word' id='word_1_180' title='bbox 661 2776 810 2858; x_wconf 88' lang='lat' dir='ltr'><strong>ingentes</strong></span> <span class='ocrx_word' id='word_1_181' title='bbox 821 2777 854 2838; x_wconf 91' lang='lat' dir='ltr'><strong>iu</strong></span> <span class='ocrx_word' id='word_1_182' title='bbox 870 2772 1000 2838; x_wconf 89' lang='lat' dir='ltr'><strong>Indiam</strong></span> <span class='ocrx_word' id='word_1_183' title='bbox 1016 2775 1145 2839; x_wconf 87' lang='lat' dir='ltr'><strong>classes</strong></span> <span class='ocrx_word' id='word_1_184' title='bbox 1160 2776 1254 2840; x_wconf 82' lang='lat' dir='ltr'><strong>navi·</strong></span> 
     </span>
     <span class='ocr_line' id='line_1_25' title="bbox 166 2873 1254 2959; baseline 0 -18"><span class='ocrx_word' id='word_1_185' title='bbox 166 2883 295 2959; x_wconf 83' lang='lat' dir='ltr'><strong>gerent,</strong></span> <span class='ocrx_word' id='word_1_186' title='bbox 310 2873 388 2939; x_wconf 91' lang='lat' dir='ltr'><strong>inde</strong></span> <span class='ocrx_word' id='word_1_187' title='bbox 404 2875 512 2938; x_wconf 88' lang='lat' dir='ltr'><strong>omnis</strong></span> <span class='ocrx_word' id='word_1_188' title='bbox 527 2875 654 2957; x_wconf 86' lang='lat' dir='ltr'><strong>generis</strong></span> <span class='ocrx_word' id='word_1_189' title='bbox 674 2875 831 2958; x_wconf 85' lang='lat' dir='ltr'><strong>preciosis</strong></span> <span class='ocrx_word' id='word_1_190' title='bbox 846 2875 1010 2939; x_wconf 86' lang='lat' dir='ltr'><strong>mercibus</strong></span> <span class='ocrx_word' id='word_1_191' title='bbox 1024 2875 1057 2937; x_wconf 90' lang='lat' dir='ltr'><strong>in</strong></span> <span class='ocrx_word' id='word_1_192' title='bbox 1072 2875 1254 2958; x_wconf 82' lang='lat' dir='ltr'><strong>AEgypturn</strong></span> 
     </span>
     <span class='ocr_line' id='line_1_26' title="bbox 165 2974 1253 3060; baseline 0 -18"><span class='ocrx_word' id='word_1_193' title='bbox 165 2997 225 3060; x_wconf 90' lang='lat' dir='ltr'><strong>per</strong></span> <span class='ocrx_word' id='word_1_194' title='bbox 239 2974 420 3042; x_wconf 84' lang='lat' dir='ltr'><strong>Arabicum</strong></span> <span class='ocrx_word' id='word_1_195' title='bbox 435 2974 546 3040; x_wconf 87' lang='lat' dir='ltr'><strong>sinum</strong></span> <span class='ocrx_word' id='word_1_196' title='bbox 568 2984 699 3041; x_wconf 86' lang='lat' dir='ltr'><strong>onustae</strong></span> <span class='ocrx_word' id='word_1_197' title='bbox 718 2974 903 3040; x_wconf 85' lang='lat' dir='ltr'><strong>redeuntes.</strong></span> <span class='ocrx_word' id='word_1_198' title='bbox 941 2975 1098 3041; x_wconf 90' lang='lat' dir='ltr'><strong>Straboni</strong></span> <span class='ocrx_word' id='word_1_199' title='bbox 1123 2975 1253 3060; x_wconf 86' lang='lat' dir='ltr'><strong>astipu-</strong></span> 
     </span>
     <span class='ocr_line' id='line_1_27' title="bbox 164 3074 1252 3161; baseline 0 -17"><span class='ocrx_word' id='word_1_200' title='bbox 164 3079 255 3144; x_wconf 89' lang='lat' dir='ltr'><strong>latus</strong></span> <span class='ocrx_word' id='word_1_201' title='bbox 277 3074 452 3155; x_wconf 81' lang='lat' dir='ltr'><strong>Arrianus,</strong></span> <span class='ocrx_word' id='word_1_202' title='bbox 482 3076 680 3161; x_wconf 89' lang='lat' dir='ltr'><strong>Imperatori</strong></span> <span class='ocrx_word' id='word_1_203' title='bbox 718 3077 893 3142; x_wconf 86' lang='lat' dir='ltr'><strong>Hadriano</strong></span> <span class='ocrx_word' id='word_1_204' title='bbox 923 3096 997 3141; x_wconf 90' lang='lat' dir='ltr'><strong>cum</strong></span> <span class='ocrx_word' id='word_1_205' title='bbox 1028 3081 1131 3142; x_wconf 89' lang='lat' dir='ltr'><strong>totam</strong></span> <span class='ocrx_word' id='word_1_206' title='bbox 1169 3075 1252 3144; x_wconf 85' lang='lat' dir='ltr'><strong>hanc</strong></span> 
     </span>
     <span class='ocr_line' id='line_1_28' title="bbox 163 3178 1252 3263; baseline 0 -20"><span class='ocrx_word' id='word_1_207' title='bbox 163 3179 411 3260; x_wconf 84' lang='lat' dir='ltr'><strong>navigationem</strong></span> <span class='ocrx_word' id='word_1_208' title='bbox 425 3178 546 3254; x_wconf 89' lang='lat' dir='ltr'><strong>retulit,</strong></span> <span class='ocrx_word' id='word_1_209' title='bbox 562 3185 640 3242; x_wconf 92' lang='lat' dir='ltr'><strong>tunc</strong></span> <span class='ocrx_word' id='word_1_210' title='bbox 657 3186 782 3243; x_wconf 86' lang='lat' dir='ltr'><strong>tractus</strong></span> <span class='ocrx_word' id='word_1_211' title='bbox 797 3178 875 3244; x_wconf 90' lang='lat' dir='ltr'><strong>illos</strong></span> <span class='ocrx_word' id='word_1_212' title='bbox 890 3178 932 3242; x_wconf 94' lang='lat' dir='ltr'><strong>ad</strong></span> <span class='ocrx_word' id='word_1_213' title='bbox 948 3182 1130 3243; x_wconf 83' lang='lat' dir='ltr'><strong>extremam</strong></span> <span class='ocrx_word' id='word_1_214' title='bbox 1145 3197 1252 3263; x_wconf 87' lang='lat' dir='ltr'><strong>nsque</strong></span> 
     </span>
     <span class='ocr_line' id='line_1_29' title="bbox 165 3278 1252 3363; baseline 0.001 -18"><span class='ocrx_word' id='word_1_215' title='bbox 165 3279 298 3345; x_wconf 91' lang='lat' dir='ltr'><strong>Indiam</strong></span> <span class='ocrx_word' id='word_1_216' title='bbox 313 3279 565 3361; x_wconf 81' lang='lat' dir='ltr'><strong>diligentissime</strong></span> <span class='ocrx_word' id='word_1_217' title='bbox 588 3279 775 3363; x_wconf 88' lang='lat' dir='ltr'><strong>descripsit,</strong></span> <span class='ocrx_word' id='word_1_218' title='bbox 793 3287 828 3345; x_wconf 91' lang='lat' dir='ltr'><strong>et</strong></span> <span class='ocrx_word' id='word_1_219' title='bbox 841 3299 967 3344; x_wconf 90' lang='lat' dir='ltr'><strong>merces</strong></span> <span class='ocrx_word' id='word_1_220' title='bbox 985 3278 1062 3344; x_wconf 91' lang='lat' dir='ltr'><strong>iude</strong></span> <span class='ocrx_word' id='word_1_221' title='bbox 1086 3281 1252 3363; x_wconf 85' lang='lat' dir='ltr'><strong>exportari</strong></span> 
     </span>
     <span class='ocr_line' id='line_1_30' title="bbox 163 3379 1250 3463; baseline -0.002 -17"><span class='ocrx_word' id='word_1_222' title='bbox 163 3383 283 3446; x_wconf 87' lang='lat' dir='ltr'><strong>solitas</strong></span> <span class='ocrx_word' id='word_1_223' title='bbox 313 3381 458 3462; x_wconf 86' lang='lat' dir='ltr'><strong>singulas</strong></span> <span class='ocrx_word' id='word_1_224' title='bbox 480 3399 584 3463; x_wconf 91' lang='lat' dir='ltr'><strong>prope</strong></span> <span class='ocrx_word' id='word_1_225' title='bbox 609 3381 788 3456; x_wconf 86' lang='lat' dir='ltr'><strong>recensuit,</strong></span> <span class='ocrx_word' id='word_1_226' title='bbox 810 3399 887 3463; x_wconf 74' lang='lat' dir='ltr'><strong>quie</strong></span> <span class='ocrx_word' id='word_1_227' title='bbox 913 3379 1156 3444; x_wconf 85' lang='lat' dir='ltr'><strong>Pandecturnm</strong></span> <span class='ocrx_word' id='word_1_228' title='bbox 1191 3380 1250 3444; x_wconf 91' lang='lat' dir='ltr'><strong>lib.</strong></span> 
     </span>
     <span class='ocr_line' id='line_1_31' title="bbox 166 3477 1251 3564; baseline 0 -16"><span class='ocrx_word' id='word_1_229' title='bbox 166 3495 312 3548; x_wconf 81' lang='lat' dir='ltr'><strong>xxxix.</strong></span> <span class='ocrx_word' id='word_1_230' title='bbox 346 3481 416 3545; x_wconf 86' lang='lat' dir='ltr'><strong>Tit.</strong></span> <span class='ocrx_word' id='word_1_231' title='bbox 432 3498 480 3546; x_wconf 85' lang='grc' dir='ltr'><strong>ιν.</strong></span> <span class='ocrx_word' id='word_1_232' title='bbox 501 3480 542 3546; x_wconf 94' lang='lat' dir='ltr'><strong>de</strong></span> <span class='ocrx_word' id='word_1_233' title='bbox 564 3481 689 3564; x_wconf 92' lang='lat' dir='ltr'><strong>public.</strong></span> <span class='ocrx_word' id='word_1_234' title='bbox 709 3490 745 3546; x_wconf 91' lang='lat' dir='ltr'><strong>et</strong></span> <span class='ocrx_word' id='word_1_235' title='bbox 766 3489 853 3547; x_wconf 84' lang='lat' dir='ltr'><strong>vect.</strong></span> <span class='ocrx_word' id='word_1_236' title='bbox 869 3481 892 3545; x_wconf 93' lang='lat' dir='ltr'><strong>l.</strong></span> <span class='ocrx_word' id='word_1_237' title='bbox 914 3477 1114 3556; x_wconf 78' lang='lat' dir='ltr'><strong>‘interdum&#39;</strong></span> <span class='ocrx_word' id='word_1_238' title='bbox 1136 3481 1251 3564; x_wconf 86' lang='lat' dir='ltr'><strong>legun·</strong></span> 
     </span>
     <span class='ocr_line' id='line_1_32' title="bbox 163 3580 1249 3666; baseline 0.001 -17"><span class='ocrx_word' id='word_1_239' title='bbox 163 3594 216 3650; x_wconf 88' lang='lat' dir='ltr'><strong>tur</strong></span> <span class='ocrx_word' id='word_1_240' title='bbox 231 3602 276 3648; x_wconf 85' lang='lat' dir='ltr'><strong>ex</strong></span> <span class='ocrx_word' id='word_1_241' title='bbox 299 3581 477 3662; x_wconf 85' lang='lat' dir='ltr'><strong>Martiano,</strong></span> <span class='ocrx_word' id='word_1_242' title='bbox 494 3601 561 3666; x_wconf 89' lang='lat' dir='ltr'><strong>quo</strong></span> <span class='ocrx_word' id='word_1_243' title='bbox 581 3583 657 3648; x_wconf 93' lang='lat' dir='ltr'><strong>loco</strong></span> <span class='ocrx_word' id='word_1_244' title='bbox 680 3583 781 3648; x_wconf 89' lang='lat' dir='ltr'><strong>nolim</strong></span> <span class='ocrx_word' id='word_1_245' title='bbox 808 3582 904 3647; x_wconf 81' lang='lat' dir='ltr'><strong>‘ferri</strong></span> <span class='ocrx_word' id='word_1_246' title='bbox 917 3580 1038 3646; x_wconf 89' lang='lat' dir='ltr'><strong>Indici&#39;</strong></span> <span class='ocrx_word' id='word_1_247' title='bbox 1052 3583 1249 3650; x_wconf 87' lang='lat' dir='ltr'><strong>mentionem</strong></span> 
     </span>
     <span class='ocr_line' id='line_1_33' title="bbox 162 3682 1250 3770; baseline -0.001 -18"><span class='ocrx_word' id='word_1_248' title='bbox 162 3685 321 3770; x_wconf 82' lang='lat' dir='ltr'><strong>expungi,</strong></span> <span class='ocrx_word' id='word_1_249' title='bbox 348 3682 491 3750; x_wconf 90' lang='lat' dir='ltr'><strong>Hebeno</strong></span> <span class='ocrx_word' id='word_1_250' title='bbox 513 3685 711 3762; x_wconf 87' lang='lat' dir='ltr'><strong>substituto,</strong></span> <span class='ocrx_word' id='word_1_251' title='bbox 735 3685 823 3749; x_wconf 88' lang='lat' dir='ltr'><strong>sicut</strong></span> <span class='ocrx_word' id='word_1_252' title='bbox 849 3683 1031 3748; x_wconf 87' lang='lat' dir='ltr'><strong>Muttbiolo</strong></span> <span class='ocrx_word' id='word_1_253' title='bbox 1056 3683 1178 3768; x_wconf 90' lang='lat' dir='ltr'><strong>placet,</strong></span> <span class='ocrx_word' id='word_1_254' title='bbox 1194 3685 1250 3751; x_wconf 86' lang='lat' dir='ltr'><strong>oni</strong></span> 
     </span>
     <span class='ocr_line' id='line_1_34' title="bbox 162 3785 1249 3860; baseline -0.005 -5"><span class='ocrx_word' id='word_1_255' title='bbox 162 3788 323 3855; x_wconf 74' lang='lat' dir='ltr'><strong>Arriaum</strong></span> <span class='ocrx_word' id='word_1_256' title='bbox 338 3785 539 3860; x_wconf 86' lang='lat' dir='ltr'><strong>adversatur,</strong></span> <span class='ocrx_word' id='word_1_257' title='bbox 554 3786 617 3851; x_wconf 92' lang='lat' dir='ltr'><strong>boc</strong></span> <span class='ocrx_word' id='word_1_258' title='bbox 635 3785 764 3852; x_wconf 83' lang='lat' dir='ltr'><strong>‘ferro&#39;</strong></span> <span class='ocrx_word' id='word_1_259' title='bbox 786 3787 871 3850; x_wconf 88' lang='lat' dir='ltr'><strong>iuter</strong></span> <span class='ocrx_word' id='word_1_260' title='bbox 887 3785 1023 3852; x_wconf 86' lang='lat' dir='ltr'><strong>Indicas</strong></span> <span class='ocrx_word' id='word_1_261' title='bbox 1044 3803 1169 3850; x_wconf 86' lang='lat' dir='ltr'><strong>meroes</strong></span> <span class='ocrx_word' id='word_1_262' title='bbox 1188 3805 1249 3850; x_wconf 91' lang='lat' dir='ltr'><strong>un·</strong></span> 
     </span>
     <span class='ocr_line' id='line_1_35' title="bbox 160 3885 1248 3971; baseline -0.005 -15"><span class='ocrx_word' id='word_1_263' title='bbox 160 3897 300 3968; x_wconf 84' lang='lat' dir='ltr'><strong>morato,</strong></span> <span class='ocrx_word' id='word_1_264' title='bbox 323 3907 429 3971; x_wconf 85' lang='lat' dir='ltr'><strong>penes</strong></span> <span class='ocrx_word' id='word_1_265' title='bbox 448 3907 548 3971; x_wconf 89' lang='lat' dir='ltr'><strong>quem</strong></span> <span class='ocrx_word' id='word_1_266' title='bbox 563 3888 663 3952; x_wconf 89' lang='lat' dir='ltr'><strong>etiam</strong></span> <span class='ocrx_word' id='word_1_267' title='bbox 685 3907 728 3952; x_wconf 88' lang='lat' dir='ltr'><strong>ex</strong></span> <span class='ocrx_word' id='word_1_268' title='bbox 745 3888 896 3970; x_wconf 84' lang='lat' dir='ltr'><strong>Carpuso</strong></span> <span class='ocrx_word' id='word_1_269' title='bbox 917 3885 1015 3952; x_wconf 76' lang='lat' dir='ltr'><strong>taedm</strong></span> <span class='ocrx_word' id='word_1_270' title='bbox 1029 3885 1155 3950; x_wconf 78' lang='lat' dir='ltr'><strong>Indicae</strong></span> <span class='ocrx_word' id='word_1_271' title='bbox 1170 3904 1248 3951; x_wconf 90' lang='lat' dir='ltr'><strong>con·</strong></span> 
     </span>
     <span class='ocr_line' id='line_1_36' title="bbox 160 3982 1246 4073; baseline -0.005 -17"><span class='ocrx_word' id='word_1_272' title='bbox 160 3991 365 4066; x_wconf 80' lang='lat' dir='ltr'><strong>delebantur,</strong></span> <span class='ocrx_word' id='word_1_273' title='bbox 380 3994 428 4067; x_wconf 90' lang='lat' dir='ltr'><strong>nt,</strong></span> <span class='ocrx_word' id='word_1_274' title='bbox 449 3987 540 4071; x_wconf 91' lang='lat' dir='ltr'><strong>quod</strong></span> <span class='ocrx_word' id='word_1_275' title='bbox 553 3989 681 4073; x_wconf 89' lang='lat' dir='ltr'><strong>placuit</strong></span> <span class='ocrx_word' id='word_1_276' title='bbox 700 3987 891 4067; x_wconf 88' lang='lat' dir='ltr'><strong>Matthiolo,</strong></span> <span class='ocrx_word' id='word_1_277' title='bbox 905 4006 969 4052; x_wconf 92' lang='lat' dir='ltr'><strong>uon</strong></span> <span class='ocrx_word' id='word_1_278' title='bbox 991 3986 1039 4051; x_wconf 89' lang='lat' dir='ltr'><strong>sit</strong></span> <span class='ocrx_word' id='word_1_279' title='bbox 1051 3982 1246 4068; x_wconf 88' lang='lat' dir='ltr'><strong>Carpesium</strong></span> 
     </span>
     <span class='ocr_line' id='line_1_37' title="bbox 161 4083 1245 4173; baseline -0.012 -17"><span class='ocrx_word' id='word_1_280' title='bbox 161 4089 419 4173; x_wconf 87' lang='lat' dir='ltr'><strong>subrogandum.</strong></span> <span class='ocrx_word' id='word_1_281' title='bbox 464 4085 534 4165; x_wconf 83' lang='lat' dir='ltr'><strong>Qut</strong></span> <span class='ocrx_word' id='word_1_282' title='bbox 557 4094 649 4154; x_wconf 90' lang='lat' dir='ltr'><strong>tanto</strong></span> <span class='ocrx_word' id='word_1_283' title='bbox 673 4087 772 4170; x_wconf 80' lang='lat' dir='ltr'><strong>igitur</strong></span> <span class='ocrx_word' id='word_1_284' title='bbox 798 4086 950 4152; x_wconf 72' lang='lat' dir='ltr'><strong>niseus</strong></span> <span class='ocrx_word' id='word_1_285' title='bbox 979 4083 1124 4150; x_wconf 79' lang='lat' dir='ltr'><strong>Medica</strong></span> <span class='ocrx_word' id='word_1_286' title='bbox 1154 4085 1245 4151; x_wconf 67' lang='lat' dir='ltr'><strong>locu.</strong></span> 
     </span>
    </p>
   </div>
   <div class='ocr_carea' id='block_1_3' title="bbox 159 4183 1246 4278">
    <p class='ocr_par' dir='ltr' id='par_1_3' title="bbox 159 4183 1246 4278">
     <span class='ocr_line' id='line_1_38' title="bbox 159 4183 1246 4278; baseline -0.001 -21"><span class='ocrx_word' id='word_1_287' title='bbox 159 4189 328 4278; x_wconf 88' lang='lat' dir='ltr'><strong>pletandae</strong></span> <span class='ocrx_word' id='word_1_288' title='bbox 343 4187 456 4256; x_wconf 89' lang='lat' dir='ltr'><strong>studio</strong></span> <span class='ocrx_word' id='word_1_289' title='bbox 479 4187 660 4268; x_wconf 88' lang='lat' dir='ltr'><strong>tenebatur,</strong></span> <span class='ocrx_word' id='word_1_290' title='bbox 673 4195 707 4254; x_wconf 89' lang='lat' dir='ltr'><strong>et</strong></span> <span class='ocrx_word' id='word_1_291' title='bbox 722 4188 802 4254; x_wconf 88' lang='lat' dir='ltr'><strong>artis</strong></span> <span class='ocrx_word' id='word_1_292' title='bbox 817 4204 921 4254; x_wconf 86' lang='lat' dir='ltr'><strong>causa</strong></span> <span class='ocrx_word' id='word_1_293' title='bbox 941 4183 1053 4252; x_wconf 88' lang='lat' dir='ltr'><strong>nullas</strong></span> <span class='ocrx_word' id='word_1_294' title='bbox 1070 4185 1153 4254; x_wconf 82' lang='lat' dir='ltr'><strong>satis</strong></span> <span class='ocrx_word' id='word_1_295' title='bbox 1174 4185 1246 4256; x_wconf 86' lang='lat' dir='ltr'><strong>lou·</strong></span> 
     </span>
    </p>
   </div>
   <div class='ocr_carea' id='block_1_4' title="bbox 0 0 1508 4874">
    <p class='ocr_par' dir='ltr' id='par_1_4' title="bbox 0 0 1508 4874">
     <span class='ocr_line' id='line_1_39' title="bbox 0 0 1508 4874; baseline 0 5"><span class='ocrx_word' id='word_1_296' title='bbox 0 0 1508 4874; x_wconf 95' lang='lat' dir='ltr'><strong> </strong></span> 
     </span>
    </p>
   </div>
  </div>
 </body>
</html>
