3016 4876
438 397 569 448 nncrro
593 399 617 447 r.
643 401 756 450 raum
779 402 961 453 creantur.
1196 391 1239 460 ld
1316 467 1317 472 ,

156 555 283 608 onmem
297 537 510 620 disciplinam
525 540 588 604 hoc
603 542 733 606 nomine
755 543 951 626 complexus
975 549 1038 623 est,
1059 565 1136 611 curn
1156 549 1240 614 citet

155 637 336 704 Clementis
361 637 579 706 Alexandrini
601 661 711 726 opera,
741 644 775 708 in
797 645 919 726 quibus
941 663 987 710 ex
1010 647 1099 712 omni
1122 668 1240 730 genere

152 739 317 804 literarum
332 742 392 805 viri
407 743 608 806 excellentes
622 747 848 823 nominantur;
862 747 950 828 quod
965 765 1106 824 omnem,
1125 750 1155 812 si
1171 767 1240 832 qua

153 857 230 902 esse
245 842 355 924 potuit
369 841 410 906 de
435 843 537 908 ‘viris
552 843 734 908 illustribus
750 846 922 926 gentilium
946 847 1135 926 literarum,'
1157 849 1239 932 quid

152 939 198 1006 D.
215 939 418 1025 Hieronymo
433 943 474 1006 ad
490 944 651 1008 Dextrum
664 947 819 1010 scribenti
840 948 1037 1027 significent,
1060 949 1241 1014 dubitatio·

152 1057 226 1102 uem
242 1041 359 1120 tollitg
372 1061 434 1107 non
450 1043 707 1123 Grammaticos,
730 1054 764 1110 et
779 1046 954 1125 Rhetores,
978 1048 1036 1114 sed
1053 1052 1171 1132 queris
1185 1070 1241 1131 ge·

152 1156 228 1202 nere
249 1141 497 1225 disciplinarum
522 1153 721 1227 prestantes
744 1148 808 1212 boc
833 1149 965 1212 nomine
991 1150 1081 1214 virus
1104 1151 1241 1234 intelligi

154 1240 363 1321 apertissime
383 1245 621 1323 demonstrans,
642 1265 832 1329 quanquam
855 1249 919 1312 boc
941 1267 1029 1330 opus
1052 1253 1241 1316 testimonio

153 1357 219 1403 non
241 1349 325 1415 erat,
346 1363 423 1409 oum
446 1346 491 1409 D.
511 1344 735 1429 Hieronymus
757 1346 800 1410 ad
824 1347 990 1414 Dextrum
1024 1350 1242 1432 subjungens,

154 1449 163 1470 ·
178 1440 343 1507 Fecerunt
365 1445 500 1526 quidem
523 1445 585 1510 hoc
608 1445 697 1517 idem
717 1447 808 1528 apud
823 1449 959 1512 Latinos
975 1447 1095 1528 Varro,
1109 1451 1241 1530 Santra,

155 1538 286 1622 Nepos,
302 1543 461 1626 Higinus,
484 1554 519 1607 et
534 1544 578 1608 ad
591 1545 687 1627 quus
702 1565 764 1610 nos
777 1549 970 1629 exemplum
983 1549 1033 1613 vis
1044 1568 1241 1632 provocare,

154 1639 394 1724 TranquilluS,'
415 1645 504 1709 band
528 1646 666 1710 obscure
688 1649 989 1729 interpretationem
1004 1669 1110 1714 meam
1125 1651 1243 1715 confir·

153 1747 232 1804 ruet.
276 1741 461 1808 Cornelium
479 1745 567 1808 enim
591 1743 756 1827 Nepotem
772 1745 922 1812 Carisius
938 1767 981 1812 err
1004 1749 1110 1813 ‘libro
1126 1765 1193 1814 xv.
1208 1759 1244 1816 et

156 1853 239 1902 xvr.
265 1841 306 1904 de
329 1841 422 1906 Viris
446 1843 655 1907 Illustribus'
676 1846 768 1910 citat.
813 1846 907 1911 Idem
928 1846 1103 1913 Ciceronis
1126 1849 1244 1916 Vitam

155 1940 260 2004 Gellii
285 1943 474 2007 testimonio
500 1933 659 2008 Noctium
686 1945 870 2010 Atticarum
895 1947 982 2012 libro
1006 1965 1067 2012 xv.
1090 1951 1244 2032 pluribus

154 2040 250 2106 libris
263 2050 460 2125 persecutns
475 2053 538 2110 est.
561 2043 618 2108 Ab
630 2047 747 2110 eodem
760 2065 839 2112 vero
855 2047 1034 2130 Pomponii
1045 2049 1153 2114 Attici
1164 2049 1246 2116 Vita

155 2141 331 2223 diligenter
343 2146 469 2228 scriptu
479 2145 598 2210 teritur
608 2147 760 2236 manibus
770 2149 899 2213 vestris.
931 2147 1040 2226 Quos,
1051 2170 1244 2232 quanquam

155 2243 219 2307 boc
235 2246 303 2308 sint
317 2247 446 2311 nomine
467 2245 641 2311 ‘Virorum
668 2248 870 2314 illustrium'
891 2267 913 2314 a
936 2248 1070 2330 Nepote
1094 2268 1245 2333 compre·

155 2342 266 2422 beusi;
296 2364 392 2409 nemo
414 2353 540 2424 tamen,
567 2347 658 2429 quod
684 2348 799 2424 sciam,
829 2348 910 2410 iuter
938 2345 1186 2413 Grammaticos
1211 2355 1245 2414 et
1277 2349 1288 2360 ‘

157 2445 321 2513 Rhetores
346 2448 539 2513 nominavit»
582 2446 697 2512 Julius
721 2465 854 2530 quoque
880 2446 1037 2528 Higiuus,
1067 2448 1132 2510 ‘de
1161 2448 1245 2514 Vita

126 2544 131 2552 '
158 2545 340 2628 Rebusque
353 2547 535 2612 illustrium
552 2545 722 2610 Virorum'
744 2567 857 2629 agens,
873 2547 956 2611 alios
971 2567 993 2611 a
1011 2547 1245 2614 Grammaticis

157 2653 190 2710 et
202 2647 404 2710 Rhetoribus
420 2648 540 2729 attigit,
555 2652 639 2712 teste
654 2648 777 2723 Gellio,
790 2649 848 2712 lib.
866 2664 933 2710 vn.
950 2667 1089 2730 quorum
1112 2649 1142 2712 si
1165 2653 1246 2713 scri·

158 2747 257 2810 bendi
273 2749 359 2812 ratio
382 2755 482 2831 atque
500 2754 722 2830 argenteolum
743 2748 831 2812 idem
852 2749 1012 2830 estquod
1036 2749 1188 2813 Suetonii
1210 2751 1246 2813 iu

157 2867 256 2930 opere
277 2849 342 2912 ‘de
358 2849 450 2913 Viris
470 2849 664 2914 Illustribus
678 2850 848 2930 gentilium
862 2848 1045 2912 literarum’
1068 2868 1089 2912 a
1102 2849 1147 2912 D.
1160 2849 1245 2913 Hie·

158 2958 440 3032 ronyrnovocato,
450 2951 484 3013 in
495 2968 536 3012 eo
552 2951 659 3030 ipsum
672 2949 770 3026 alios,
786 2967 887 3032 quam
901 2946 1067 3012 Rhetores
1081 2957 1115 3012 et
1126 2949 1246 3014 Grum-

103 3113 107 3120 ,
157 3052 301 3114 maticos
316 3050 423 3126 solos,
438 3053 650 3132 persecutum
665 3068 741 3112 esse
761 3067 898 3112 necesse
918 3054 981 3123 est,
998 3049 1120 3132 quibus
1141 3052 1246 3118 altera

155 3150 313 3232 quondam
329 3151 482 3233 adjuncta
497 3151 645 3232 sequitur
659 3149 843 3213 necessitas
862 3149 1006 3213 Plinium
1022 3149 1194 3214 Seniorem
1209 3152 1246 3215 iu

159 3249 351 3314 illustribus
361 3250 455 3313 Viris
466 3249 681 3314 recensendis
693 3249 886 3314 Suetonium
902 3269 963 3312 uon
975 3252 1245 3332 praetermisisse,

157 3351 297 3433 patriam
314 3350 387 3432 ejus
402 3368 468 3414 non
484 3351 668 3430 ignorasse,
691 3355 812 3415 etcum
824 3348 963 3414 Juniore
978 3369 1164 3416 unumesse
1179 3369 1246 3415 nou

159 3452 382 3514 existimasse.
427 3450 505 3528 Quo
520 3471 602 3515 vero
617 3457 819 3532 argumento,
842 3469 949 3532 quove
968 3457 1100 3514 anctore
1114 3450 1179 3514 hoc
1194 3451 1246 3515 di-

158 3571 247 3626 cam,
269 3553 422 3634 accipite.
466 3552 579 3616 Plinio
592 3551 726 3616 Juniori
746 3557 835 3616 tanto
853 3571 926 3628 usu,
944 3551 1196 3629 cousuetudine,
1212 3557 1247 3616 et

158 3651 406 3716 necessitudine
422 3653 616 3735 conjunctus
632 3661 701 3718 erat
715 3654 907 3729 Suetonius,
917 3657 954 3715 nt
968 3671 1063 3715 nemu
1074 3653 1155 3716 torte
1166 3671 1245 3716 cou-

151 3751 325 3834 junctior:
348 3771 409 3833 pro
433 3771 480 3829 se,
502 3759 538 3816 ut
552 3754 694 3817 actionis
710 3753 883 3836 cujusdam
898 3753 1090 3818 dilationem
1106 3759 1246 3836 peteret,

158 3851 305 3915 Plinium
330 3870 475 3932 rogasse,
497 3871 542 3916 ex
565 3853 717 3934 Epistola
739 3854 841 3918 Plinii
865 3854 908 3918 ad
933 3873 1009 3918 eum
1031 3853 1116 3918 libro
1139 3855 1245 3934 primo

159 3959 310 4031 coustal3
331 3956 369 4014 ut
381 3953 591 4028 tribunatum,
608 3971 707 4036 quem
720 3954 784 4017 sibi
803 3955 1047 4035 impetrauerat,
1061 3956 1094 4018 in
1110 3951 1245 4018 Coeseu-

158 4052 249 4116 nium
265 4054 487 4136 propinquum
500 4073 595 4117 snum
611 4054 783 4131 conterret,
803 4056 886 4120 libro
899 4054 1124 4138 Epistularum
1141 4054 1245 4119 Plinii

158 4154 329 4237 flagitasse
349 4155 488 4220 eundern
510 4161 668 4240 apparet:
692 4155 753 4220 sed
769 4157 870 4222 instar
885 4156 1029 4220 omnium
1045 4154 1089 4218 sit
1103 4156 1244 4238 petitum
