3006 4874
260 375 304 441 96
603 386 652 434 na
675 383 707 433 o.
732 382 848 432 aarum
874 379 1013 430 narnis

261 531 450 616 adoptionis
458 529 557 613 jure‘
573 523 766 592 Publiliam’
780 523 881 588 inisse
900 525 1113 588 consecutam
1126 537 1265 585 necesse
1280 523 1345 595 est,

261 651 330 715 qua
341 631 470 695 ratione
485 628 629 710 antiquis
648 625 723 708 ejns
746 623 1044 710 Epigrammatibns
1064 629 1206 705 utraque
1221 619 1345 684 Tribus

261 728 457 806 ‘Publilia’
483 737 518 793 et
541 724 756 791 ‘Oufentina’
780 725 893 790 reterri
912 723 1041 800 debuit,
1064 722 1168 807 prima
1187 721 1257 797 illa,
1272 720 1346 784 baec

261 831 427 910 secunda;
443 829 516 893 sice
528 828 730 911 adoptionis,
745 828 817 891 sive
832 823 1044 907 antiquitatis
1059 842 1163 888 causa
1175 821 1302 886 Tribus
1313 819 1347 882 in

261 931 432 1016 adoptivis
443 929 523 993 tiliis
537 947 603 992 una
619 926 711 992 alteri
728 925 874 1009 preferri
889 924 1106 990 consueverit.
1127 917 1346 988 ‘Publiliam'

262 1033 349 1097 enim
364 1031 502 1096 Tribnm
511 1028 705 1111 vigesimam
720 1027 899 1110 septimam
911 1043 998 1090 anno
1006 1026 1052 1098 ab
1065 1023 1110 1088 U.
1121 1021 1162 1088 Ο.
1173 1037 1348 1088 cccxcvi,

262 1134 369 1199 Fabio
392 1131 556 1196 Ambusto
577 1135 610 1192 et
632 1127 671 1191 0.
687 1127 824 1192 Plautio
838 1126 986 1191 Proculo
1001 1125 1080 1190 Cos.
1101 1124 1247 1190 additam
1270 1141 1347 1188 esse

260 1236 346 1300 libro
359 1235 501 1318 septimo
516 1231 632 1295 Livius
646 1231 782 1313 scriptis
795 1229 1002 1309 consignavit
1014 1249 1024 1308 ;
1039 1246 1107 1317 quo
1118 1232 1252 1291 auctore
1262 1224 1348 1289 libro

261 1355 364 1413 nono,
389 1335 434 1400 ab
452 1331 499 1398 U·
521 1331 560 1396 C.
583 1346 731 1394 ccxxv.
776 1330 816 1393 L.
838 1328 976 1394 Plautio
997 1335 1032 1393 et
1055 1329 1103 1392 M.
1127 1327 1244 1392 Foslio
1268 1325 1349 1392 Cos.

261 1437 462 1518 trigesimam
492 1433 628 1498 Tribum
646 1432 671 1465 '‘
686 1426 917 1494 Oufentinam’
946 1427 1109 1493 Censores
1136 1427 1347 1504 addiderunt,

262 1555 402 1623 quorum
419 1535 554 1598 nomina
574 1533 692 1596 Livius
715 1532 881 1614 praeteriit.
926 1527 975 1594 At
995 1549 1072 1595 vero
1087 1529 1187 1593 Plinii
1200 1526 1349 1592 Junioris

262 1637 401 1719 antiqua
415 1639 623 1699 monumenta
636 1652 713 1716 quaa
729 1632 826 1696 Comi
842 1629 946 1714 Fagii,
964 1649 1004 1696 ac
1020 1629 1205 1694 Mediolani
1220 1633 1347 1704 extant,

262 1737 376 1802 omnia
402 1737 502 1800 nuins
539 1733 768 1798 ‘Oufentina'
802 1733 925 1798 Tribus
952 1731 1137 1809 meminere,
1164 1727 1349 1794 ‘Publilia’

261 1837 399 1911 omissa,
417 1854 515 1918 quam
531 1835 676 1898 maxime
695 1835 886 1900 nominasse
906 1833 1065 1916 oportuit.
1086 1832 1144 1896 ubi
1161 1829 1270 1896 Plinio
1286 1827 1347 1893 Se·

261 1938 349 2001 niori
364 1935 501 2000 Verona
515 1935 624 2018 patria
637 1935 824 2014 extitisset3
850 1934 937 1998 unde
957 1935 1107 2016 seqnitur
1123 1933 1243 1997 Pliniis
1261 1932 1348 2015 patri

261 2045 295 2102 et
311 2037 379 2100 tilio
394 2055 461 2100 nna
474 2035 614 2100 Tribnm
627 2036 731 2099 tuisse
745 2053 953 2099 communem
969 2031 1226 2112 ‘Oufentinam,'
1238 2035 1272 2098 in
1284 2035 1348 2100 bac

261 2158 327 2204 nna
340 2157 399 2203 eos
415 2138 574 2214 censitos,
591 2138 623 2200 in
637 2137 701 2201 hac
718 2137 873 2219 sutfragia
887 2142 1010 2200 tantum
1025 2137 1154 2202 tulisse.

318 2240 381 2306 Est
420 2239 598 2322 quinetiam
636 2238 772 2321 dignum
808 2238 1005 2314 attentione,
1041 2245 1075 2303 et
1110 2239 1154 2304 ad
1190 2238 1346 2304 tuendam

119 2368 125 2379 ·
261 2341 449 2425 opinionem
495 2348 641 2404 nostram
679 2338 813 2402 minime
853 2341 1143 2416 contemnendum,
1182 2339 1347 2405 Romanis

261 2444 339 2507 olim
367 2443 401 2506 in
431 2459 521 2506 more
549 2439 653 2504 inisse
676 2439 832 2522 positum,
852 2445 890 2504 ut
911 2449 993 2522 post
1015 2460 1204 2523 praenomen
1225 2461 1265 2506 ac
1299 2444 1349 2508 fa-

261 2543 385 2608 miliam
411 2542 547 2606 Tribum
566 2549 642 2605 ante
671 2559 853 2622 cognomen
878 2542 911 2604 in
930 2541 1099 2625 plerisque
1119 2543 1346 2609 nominarent:

262 2643 302 2706 ln
324 2642 493 2726 adoptivis
515 2660 592 2706 vero
613 2641 691 2705 filiis
722 2643 822 2706 etiam
855 2649 935 2726 post
961 2661 1047 2722 cam,
1075 2662 1174 2726 quam
1204 2646 1262 2709 lex
1292 2645 1348 2709 de·

228 2767 231 2774 ⁴
262 2743 391 2822 disset;
412 2743 487 2819 boc,
515 2746 552 2805 ut
578 2761 639 2823 ego
667 2741 874 2824 interpretor,
900 2742 998 2807 nobis
1025 2741 1247 2825 significantes
1275 2763 1347 2810 eam

260 2844 399 2908 Tribnm
424 2861 510 2918 esse,
540 2843 574 2906 in
597 2861 666 2925 qua
701 2844 844 2907 maxime
881 2843 1075 2926 praecedens
1105 2845 1228 2909 familia
1256 2853 1347 2910 esset

261 2947 397 3024 censita,
422 2953 458 3009 et
478 2946 510 3008 in
537 2962 606 3026 qua
625 2944 822 3027 quicumque
853 2945 925 3029 ejus
955 2943 1093 3010 familiae
1123 2951 1247 3024 essent,
1278 2948 1348 3011 snt'-

261 3042 366 3126 fragia
398 3046 433 3108 in
467 3043 648 3108 bonoribus
690 3043 927 3108 distribuendis
957 3045 1088 3108 tenent.
1145 3044 1348 3128 Exemplum

260 3143 403 3227 priomm
435 3144 556 3208 Fabati
582 3143 746 3207 babemus
770 3143 1036 3228 inscriptionem,
1058 3147 1093 3209 in
1121 3165 1189 3228 qua
1210 3145 1346 3228 legitur:

261 3259 557 3309 nortmannus
582 3259 616 3308 u.
647 3261 676 3308 r.
704 3261 923 3310 barsuman
957 3261 1148 3311 suerrus:
1183 3247 1347 3330 posterio-

260 3363 332 3408 mm
357 3345 460 3410 Plinii
483 3344 633 3409 Junioris
650 3343 898 3428 Epigrammata
915 3349 1027 3412 omnia
1041 3348 1091 3412 sic
1115 3347 1290 3413 babentia:
1314 3365 1346 3412 o.

260 3461 411 3509 naturus
430 3461 462 3511 n.
480 3461 746 3511 novenarius
763 3461 1168 3512 omornrvssnovuuvs.
1214 3449 1280 3513 His
1295 3448 1346 3525 tit,

260 3553 298 3610 nt
312 3545 414 3611 Plinii
435 3548 556 3610 terrent
573 3545 606 3608 in
629 3549 640 3582 ‘
650 3545 854 3625 Oufentina:
877 3548 911 3611 ia
929 3567 998 3632 qna
1016 3549 1135 3614 censiti
1149 3558 1260 3613 essent
1275 3547 1347 3614 No-

258 3663 485 3730 vocomenses,
499 3665 566 3710 non
581 3651 590 3680 ⁸
603 3645 760 3725 Pobilia‚’
773 3667 849 3731 qnae
864 3650 907 3713 ad
919 3649 1133 3714 veronenses
1146 3650 1344 3734 pertinebat,

259 3755 363 3831 utque
380 3745 551 3812 Naturalis
566 3747 725 3811 Historiae
742 3755 856 3813 auctor
876 3749 1007 3814 Plinius
1022 3751 1056 3813 in
1071 3749 1134 3814 hac
1149 3749 1254 3814 Tribu
1269 3769 1345 3815 nos-

258 3853 311 3913 tra
324 3849 521 3931 descriptas,
538 3845 819 3926 Novocomensis,
830 3869 894 3914 non
913 3849 1114 3915 Veronensis
1130 3852 1288 3928 extiterit,
1304 3871 1345 3916 ac

258 3949 454 4026 Pantheum,
477 3949 674 4013 Panrinium
693 3955 887 4034 ceterosque
907 3952 1116 4016 adversarios
1135 3959 1270 4016 nosnos
1284 3953 1345 4018 Se·

258 4051 383 4114 niorem
398 4052 484 4114 inter
497 4047 710 4113 Veronenscs
724 4049 844 4116 referre
858 4050 978 4116 frustra
990 4051 1213 4116 contendisse.
1256 4051 1345 4132 Qua

259 4149 288 4212 si
300 4149 438 4216 Pantbei
453 4151 616 4218 Aleardns
628 4153 855 4234 persensisset,
871 4171 938 4235 quo
954 4155 1097 4220 maximo
1112 4155 1262 4238 suscepti
1276 4173 1345 4220 ase
