3054 4876
271 373 337 441 252

279 547 360 594 XLI.

275 647 375 695 XLII.

275 749 392 797 XLIII.

276 849 383 897 XLIV.

275 949 366 996 XLV.

276 1050 383 1097 XLVI.

275 1148 401 1196 XLVII.

275 1247 417 1294 XLVIII.

275 1347 388 1396 XLIX.

270 1450 308 1496 ·L.

275 1650 326 1696 LI.

275 1750 342 1796 LII.

274 1850 359 1898 LIII.

272 1951 351 1999 LIV.

274 2051 334 2098 LV.

274 2251 352 2298 LVI.

274 2350 367 2397 LVII.

274 2450 384 2497 LVIII.

274 2551 356 2598 LIX.

274 2651 340 2707 LX,

271 2750 354 2798 LXI.

274 2851 373 2902 LXII.

274 3053 389 3102 LXIII.

272 3154 380 3204 LXIV.

273 3256 366 3304 LXV.

272 3356 381 3405 LXVI.

272 3457 394 3504 LXVII.

274 3557 416 3604 LXVIII.

272 3655 387 3703 LXIX.

272 3756 368 3805 LXX.

272 3857 385 3905 LXXI.

635 391 667 437 0.
690 389 810 438 PLINII
834 388 994 438 sacuam

490 529 656 612 Farrago:
672 549 803 598 oracca

490 631 545 695 Do
559 650 694 715 ocymo:
709 633 833 698 erviIIa.

488 731 635 801 Medion.

492 832 603 898 Morbi
617 832 765 915 frugum:
782 831 824 896 de
838 850 951 898 evene.

490 931 663 997 Remedia.

490 1030 614 1110 Quod⁷
629 1033 663 1096 in
677 1050 811 1115 quoqne
825 1036 919 1098 nna
934 1048 1052 1112 genere
1065 1032 1185 1098 debeat
1196 1034 1271 1100 seri.

488 1130 676 1196 Dirorsitaa
692 1130 838 1213 gentium
852 1131 887 1194 in
902 1131 1097 1199 sationibus.

488 1230 669 1295 Vomernm
684 1249 816 1313 genera.

491 1331 594 1396 Ratio
609 1329 749 1396 arandi.8

491 1433 543 1496 Do
565 1433 729 1511 occando,
754 1431 934 1508 runcando,
957 1432 1135 1509 sarriendo,
1158 1453 1356 1518 pergerem

506 1523 667 1614 trogum.
711 1532 764 1596 De
779 1533 963 1598 cratitione.

487 1634 541 1698 De
559 1652 688 1698 ramma
703 1631 873 1697 fertilitate
887 1633 963 1700 soli.

490 1732 594 1797 Ratio
608 1732 736 1815 smpius
752 1749 840 1798 anno
855 1732 1000 1798 serendi.

488 1834 699 1899 Sterooratio.

488 1933 659 2002 Sentinum
672 1933 836 2017 probatio.

487 2033 655 2113 Quantum
671 2052 717 2098 ex
730 2052 861 2117 qnoque
876 2051 997 2118 genere
1015 2034 1166 2102 frumenti
1184 2036 1219 2100 in
1236 2036 1354 2121 jugero

528 2135 711 2199 serendum.

488 2235 541 2300 De
557 2237 763 2319 temporibus
778 2235 919 2300 serendi.

488 2335 641 2417 Digentia
653 2335 799 2400 siderum
812 2337 848 2400 in
863 2336 935 2400 dIes
950 2341 986 2402 at
997 2342 1111 2404 noeros
1123 2343 1314 2406 areanae

489 2433 636 2515 Exortus,
650 2457 827 2522 oceanusque
839 2435 981 2502 siderum.

488 2532 636 2600 Cordioer
649 2545 825 2620 temporam.

487 2632 563 2703 Qun
573 2637 709 2700 ramentis
722 2635 862 2722 hyberna
870 2645 1016 2720 tempora.

484 2733 560 2804 Qun
571 2736 756 2824 leguminum
770 2748 800 2802 et
807 2737 971 2823 papaveris
985 2734 1113 2804 serendi.

485 2835 611 2903 Rerum
638 2839 674 2902 in
702 2855 781 2922 agro
812 2838 1032 2921 agendarum„
1050 2849 1087 2902 et
1122 2836 1199 2923 quid
1223 2855 1355 2920 qnoque

526 2959 638 3004 mense
650 2939 723 3005 fiori
737 2943 770 3005 in
785 2959 864 3022 agro
876 2945 1035 3024 oportent

493 3034 581 3105 Quid
594 3038 714 3103 bruma.

493 3135 580 3206 Quid
593 3161 613 3202 a
629 3138 736 3203 bruma
750 3139 783 3202 r‘rr
799 3135 981 3203 Favonium.

487 3235 574 3306 Quid
586 3261 606 3303 a
623 3235 759 3304 Favonio
772 3241 805 3304 in
817 3239 1030 3325 ‹equinoctinm
1041 3259 1176 3303 vernam.

492 3336 578 3407 Quid
586 3338 626 3402 ob
637 3341 826 3426 aequinoctio.

489 3437 608 3508 Quina
629 3439 834 3528 Vergiliarum
844 3451 962 3509 exorta.
1006 3441 1060 3508 De
1074 3440 1175 3508 foeno.

491 3539 672 3604 Solstitirrm.

487 3641 610 3706 Cansae
626 3643 851 3707 sterilitatem.

488 3739 664 3806 Remedia.

489 3835 604 3906 Quina
618 3840 746 3908 solstitio
749 3841 829 3928 fierr'
838 3855 986 3930 oportent.

721 4023 901 4048 &mmm

301 4127 316 4172 7
335 4124 399 4180 Quia
410 4123 470 4176 edd.
482 4131 596 4178 vett-8
612 4127 652 4178 Dr
670 4131 810 4194 ιιπῳοήὸιε
826 4131 912 4182 mandi
929 4131 1084 4192 minutim
1101 4131 1170 4184 a...
1185 4131 1245 4184 edd.
1256 4142 1357 4186 tart.—

269 4189 293 4235 9.
303 4185 334 4236 In
344 4188 448 4239 iisdem:
465 4189 491 4240 ta
501 4195 580 4241 noctes
590 4197 614 4242 et
625 4191 684 4257 rra,
694 4195 787 4246 omirm
798 4201 930 4248 terrestres.
