<?xml version="1.0" encoding="UTF-8"?>
<!DOCTYPE html PUBLIC "-//W3C//DTD XHTML 1.0 Transitional//EN"
    "http://www.w3.org/TR/xhtml1/DTD/xhtml1-transitional.dtd">
<html xmlns="http://www.w3.org/1999/xhtml" xml:lang="en" lang="en">
 <head>
  <title>
</title>
<meta http-equiv="Content-Type" content="text/html;charset=utf-8" />
  <meta name='ocr-system' content='tesseract 3.04.00' />
  <meta name='ocr-capabilities' content='ocr_page ocr_carea ocr_par ocr_line ocrx_word'/>
</head>
<body>
  <div class='ocr_page' id='page_1' title='image "./cpliniisecundin09brotgoog_0133.png"; bbox 0 0 3006 4874; ppageno 0'>
   <div class='ocr_carea' id='block_1_1' title="bbox 251 365 1002 444">
    <p class='ocr_par' dir='ltr' id='par_1_1' title="bbox 251 365 1002 444">
     <span class='ocr_line' id='line_1_1' title="bbox 251 365 1002 444; baseline -0.012 -17"><span class='ocrx_word' id='word_1_1' title='bbox 251 365 316 430; x_wconf 79' lang='lat'><strong>120</strong></span> <span class='ocrx_word' id='word_1_2' title='bbox 588 375 636 424; x_wconf 86' lang='lat' dir='ltr'><strong>nn</strong></span> <span class='ocrx_word' id='word_1_3' title='bbox 659 373 695 444; x_wconf 49' lang='lat' dir='ltr'><strong>c,</strong></span> <span class='ocrx_word' id='word_1_4' title='bbox 718 371 835 421; x_wconf 75' lang='lat' dir='ltr'><strong>aaran</strong></span> <span class='ocrx_word' id='word_1_5' title='bbox 862 371 1002 420; x_wconf 77' lang='lat' dir='ltr'><strong>raram</strong></span> 
     </span>
    </p>
   </div>
   <div class='ocr_carea' id='block_1_2' title="bbox 190 510 1343 1712">
    <p class='ocr_par' dir='ltr' id='par_1_2' title="bbox 190 510 1343 1712">
     <span class='ocr_line' id='line_1_2' title="bbox 252 510 1339 600; baseline -0.007 -16"><span class='ocrx_word' id='word_1_6' title='bbox 252 527 359 585; x_wconf 85' lang='lat' dir='ltr'><strong>tevarn</strong></span> <span class='ocrx_word' id='word_1_7' title='bbox 375 517 602 600; x_wconf 75' lang='lat' dir='ltr'><strong>Hippocrates</strong></span> <span class='ocrx_word' id='word_1_8' title='bbox 628 513 797 590; x_wconf 77' lang='lat' dir='ltr'><strong>admonet,</strong></span> <span class='ocrx_word' id='word_1_9' title='bbox 813 517 850 578; x_wconf 91' lang='lat' dir='ltr'><strong>ut</strong></span> <span class='ocrx_word' id='word_1_10' title='bbox 871 513 935 576; x_wconf 91' lang='lat' dir='ltr'><strong>sibi</strong></span> <span class='ocrx_word' id='word_1_11' title='bbox 956 510 1000 576; x_wconf 87' lang='lat' dir='ltr'><strong>ad</strong></span> <span class='ocrx_word' id='word_1_12' title='bbox 1018 511 1199 577; x_wconf 72' lang='lat' dir='ltr'><strong>numadum</strong></span> <span class='ocrx_word' id='word_1_13' title='bbox 1216 512 1339 576; x_wconf 86' lang='lat' dir='ltr'><strong>Demo·</strong></span> 
     </span>
     <span class='ocr_line' id='line_1_3' title="bbox 253 605 1338 697; baseline -0.009 -11"><span class='ocrx_word' id='word_1_14' title='bbox 253 626 379 686; x_wconf 89' lang='lat' dir='ltr'><strong>cratum</strong></span> <span class='ocrx_word' id='word_1_15' title='bbox 408 617 624 684; x_wconf 85' lang='lat' dir='ltr'><strong>insanientem</strong></span> <span class='ocrx_word' id='word_1_16' title='bbox 653 616 741 679; x_wconf 90' lang='lat' dir='ltr'><strong>ituro</strong></span> <span class='ocrx_word' id='word_1_17' title='bbox 760 614 877 678; x_wconf 80' lang='lat' dir='ltr'><strong>herbas</strong></span> <span class='ocrx_word' id='word_1_18' title='bbox 900 620 1009 696; x_wconf 88' lang='lat' dir='ltr'><strong>paret,</strong></span> <span class='ocrx_word' id='word_1_19' title='bbox 1038 632 1124 697; x_wconf 88' lang='lat' dir='ltr'><strong>quas</strong></span> <span class='ocrx_word' id='word_1_20' title='bbox 1147 605 1213 676; x_wconf 89' lang='lat' dir='ltr'><strong>non</strong></span> <span class='ocrx_word' id='word_1_21' title='bbox 1235 611 1338 677; x_wconf 85' lang='lat' dir='ltr'><strong>dicit:</strong></span> 
     </span>
     <span class='ocr_line' id='line_1_4' title="bbox 253 713 1340 804; baseline -0.008 -19"><span class='ocrx_word' id='word_1_22' title='bbox 253 721 351 804; x_wconf 81' lang='lat' dir='ltr'><strong>quasi</strong></span> <span class='ocrx_word' id='word_1_23' title='bbox 373 719 526 784; x_wconf 88' lang='lat' dir='ltr'><strong>omuibus</strong></span> <span class='ocrx_word' id='word_1_24' title='bbox 541 736 627 801; x_wconf 88' lang='lat' dir='ltr'><strong>opus</strong></span> <span class='ocrx_word' id='word_1_25' title='bbox 649 725 752 793; x_wconf 87' lang='lat' dir='ltr'><strong>esset,</strong></span> <span class='ocrx_word' id='word_1_26' title='bbox 768 721 803 780; x_wconf 89' lang='lat' dir='ltr'><strong>et</strong></span> <span class='ocrx_word' id='word_1_27' title='bbox 816 716 851 778; x_wconf 91' lang='lat' dir='ltr'><strong>in</strong></span> <span class='ocrx_word' id='word_1_28' title='bbox 867 716 998 779; x_wconf 85' lang='lat' dir='ltr'><strong>insania</strong></span> <span class='ocrx_word' id='word_1_29' title='bbox 1021 733 1151 778; x_wconf 89' lang='lat' dir='ltr'><strong>summo</strong></span> <span class='ocrx_word' id='word_1_30' title='bbox 1163 713 1268 778; x_wconf 80' lang='lat' dir='ltr'><strong>veluti</strong></span> <span class='ocrx_word' id='word_1_31' title='bbox 1282 734 1340 796; x_wconf 79' lang='lat' dir='ltr'><strong>ge·</strong></span> 
     </span>
     <span class='ocr_line' id='line_1_5' title="bbox 253 815 1340 898; baseline -0.007 -12"><span class='ocrx_word' id='word_1_32' title='bbox 253 841 329 886; x_wconf 90' lang='lat' dir='ltr'><strong>nere</strong></span> <span class='ocrx_word' id='word_1_33' title='bbox 345 839 460 886; x_wconf 89' lang='lat' dir='ltr'><strong>omnes</strong></span> <span class='ocrx_word' id='word_1_34' title='bbox 484 818 593 884; x_wconf 85' lang='lat' dir='ltr'><strong>morbi</strong></span> <span class='ocrx_word' id='word_1_35' title='bbox 607 819 844 892; x_wconf 81' lang='lat' dir='ltr'><strong>contineantur,</strong></span> <span class='ocrx_word' id='word_1_36' title='bbox 868 815 990 898; x_wconf 88' lang='lat' dir='ltr'><strong>quibus</strong></span> <span class='ocrx_word' id='word_1_37' title='bbox 1005 835 1048 880; x_wconf 89' lang='lat' dir='ltr'><strong>ex</strong></span> <span class='ocrx_word' id='word_1_38' title='bbox 1063 835 1127 880; x_wconf 88' lang='lat' dir='ltr'><strong>usu</strong></span> <span class='ocrx_word' id='word_1_39' title='bbox 1143 815 1211 878; x_wconf 90' lang='lat' dir='ltr'><strong>sint</strong></span> <span class='ocrx_word' id='word_1_40' title='bbox 1226 832 1340 878; x_wconf 90' lang='lat' dir='ltr'><strong>omues</strong></span> 
     </span>
     <span class='ocr_line' id='line_1_6' title="bbox 253 914 1341 1001; baseline -0.006 -15"><span class='ocrx_word' id='word_1_41' title='bbox 253 923 377 987; x_wconf 86' lang='lat' dir='ltr'><strong>herbae.</strong></span> <span class='ocrx_word' id='word_1_42' title='bbox 428 919 557 985; x_wconf 85' lang='lat' dir='ltr'>Ibidem</span> <span class='ocrx_word' id='word_1_43' title='bbox 572 917 723 984; x_wconf 84' lang='lat' dir='ltr'><strong>Cratevae</strong></span> <span class='ocrx_word' id='word_1_44' title='bbox 734 917 885 1001; x_wconf 78' lang='lat' dir='ltr'><strong>peritiam</strong></span> <span class='ocrx_word' id='word_1_45' title='bbox 899 917 931 980; x_wconf 93' lang='lat' dir='ltr'><strong>in</strong></span> <span class='ocrx_word' id='word_1_46' title='bbox 947 917 1091 982; x_wconf 81' lang='lat' dir='ltr'><strong>Materia</strong></span> <span class='ocrx_word' id='word_1_47' title='bbox 1106 914 1241 980; x_wconf 87' lang='lat' dir='ltr'><strong>Medica</strong></span> <span class='ocrx_word' id='word_1_48' title='bbox 1253 915 1341 980; x_wconf 87' lang='lat' dir='ltr'><strong>haud</strong></span> 
     </span>
     <span class='ocr_line' id='line_1_7' title="bbox 255 1016 1340 1116; baseline -0.007 -29"><span class='ocrx_word' id='word_1_49' title='bbox 255 1025 387 1106; x_wconf 71' lang='lat' dir='ltr'><strong>exiguis</strong></span> <span class='ocrx_word' id='word_1_50' title='bbox 404 1022 622 1116; x_wconf 79' lang='lat' dir='ltr'><strong>obscurisque</strong></span> <span class='ocrx_word' id='word_1_51' title='bbox 636 1018 790 1084; x_wconf 85' lang='lat' dir='ltr'><strong>leudibus</strong></span> <span class='ocrx_word' id='word_1_52' title='bbox 819 1018 960 1095; x_wconf 84' lang='lat' dir='ltr'><strong>extollit,</strong></span> <span class='ocrx_word' id='word_1_53' title='bbox 975 1037 1072 1102; x_wconf 88' lang='lat' dir='ltr'><strong>quem</strong></span> <span class='ocrx_word' id='word_1_54' title='bbox 1095 1023 1204 1082; x_wconf 90' lang='lat' dir='ltr'><strong>tamen</strong></span> <span class='ocrx_word' id='word_1_55' title='bbox 1227 1016 1340 1093; x_wconf 89' lang='lat' dir='ltr'><strong>docet,</strong></span> 
     </span>
     <span class='ocr_line' id='line_1_8' title="bbox 255 1116 1341 1208; baseline -0.007 -20"><span class='ocrx_word' id='word_1_56' title='bbox 255 1121 377 1208; x_wconf 75' lang='lat' dir='ltr'><strong>quibus</strong></span> <span class='ocrx_word' id='word_1_57' title='bbox 390 1143 434 1188; x_wconf 87' lang='lat' dir='ltr'><strong>ex</strong></span> <span class='ocrx_word' id='word_1_58' title='bbox 453 1121 535 1188; x_wconf 90' lang='lat' dir='ltr'><strong>locis</strong></span> <span class='ocrx_word' id='word_1_59' title='bbox 548 1120 698 1205; x_wconf 82' lang='lat' dir='ltr'><strong>petendm</strong></span> <span class='ocrx_word' id='word_1_60' title='bbox 714 1121 780 1184; x_wconf 89' lang='lat' dir='ltr'><strong>sint</strong></span> <span class='ocrx_word' id='word_1_61' title='bbox 796 1119 907 1184; x_wconf 79' lang='lat' dir='ltr'><strong>herbae</strong></span> <span class='ocrx_word' id='word_1_62' title='bbox 921 1118 1183 1204; x_wconf 72' lang='lat' dir='ltr'><strong>praestantiores,</strong></span> <span class='ocrx_word' id='word_1_63' title='bbox 1199 1136 1240 1181; x_wconf 88' lang='lat' dir='ltr'><strong>ac</strong></span> <span class='ocrx_word' id='word_1_64' title='bbox 1260 1116 1341 1200; x_wconf 92' lang='lat' dir='ltr'><strong>quid</strong></span> 
     </span>
     <span class='ocr_line' id='line_1_9' title="bbox 254 1219 1341 1304; baseline -0.006 -16"><span class='ocrx_word' id='word_1_65' title='bbox 254 1226 289 1289; x_wconf 89' lang='lat' dir='ltr'><strong>iu</strong></span> <span class='ocrx_word' id='word_1_66' title='bbox 312 1224 567 1290; x_wconf 82' lang='lat' dir='ltr'><strong>transmittendis</strong></span> <span class='ocrx_word' id='word_1_67' title='bbox 584 1221 710 1288; x_wconf 85' lang='lat' dir='ltr'><strong>servari</strong></span> <span class='ocrx_word' id='word_1_68' title='bbox 735 1221 908 1304; x_wconf 86' lang='lat' dir='ltr'><strong>expediat.</strong></span> <span class='ocrx_word' id='word_1_69' title='bbox 952 1219 1052 1286; x_wconf 88' lang='lat' dir='ltr'><strong>Adde</strong></span> <span class='ocrx_word' id='word_1_70' title='bbox 1067 1219 1164 1296; x_wconf 86' lang='lat' dir='ltr'><strong>uelle,</strong></span> <span class='ocrx_word' id='word_1_71' title='bbox 1180 1225 1218 1282; x_wconf 92' lang='lat' dir='ltr'><strong>ut</strong></span> <span class='ocrx_word' id='word_1_72' title='bbox 1232 1219 1341 1303; x_wconf 89' lang='lat' dir='ltr'><strong>primo</strong></span> 
     </span>
     <span class='ocr_line' id='line_1_10' title="bbox 190 1319 1340 1414; baseline -0.006 -24"><span class='ocrx_word' id='word_1_73' title='bbox 190 1409 194 1414; x_wconf 21' lang='lat'>⁸</span> <span class='ocrx_word' id='word_1_74' title='bbox 255 1345 389 1410; x_wconf 90' lang='lat' dir='ltr'><strong>quoque</strong></span> <span class='ocrx_word' id='word_1_75' title='bbox 416 1333 564 1408; x_wconf 89' lang='lat' dir='ltr'><strong>temporo</strong></span> <span class='ocrx_word' id='word_1_76' title='bbox 590 1325 634 1390; x_wconf 92' lang='lat' dir='ltr'><strong>ad</strong></span> <span class='ocrx_word' id='word_1_77' title='bbox 660 1344 697 1389; x_wconf 90' lang='lat' dir='ltr'><strong>se</strong></span> <span class='ocrx_word' id='word_1_78' title='bbox 721 1324 895 1388; x_wconf 87' lang='lat' dir='ltr'><strong>mittantur</strong></span> <span class='ocrx_word' id='word_1_79' title='bbox 919 1322 1043 1400; x_wconf 72' lang='lat' dir='ltr'><strong>herbae,</strong></span> <span class='ocrx_word' id='word_1_80' title='bbox 1064 1319 1179 1396; x_wconf 86' lang='lat' dir='ltr'><strong>flores,</strong></span> <span class='ocrx_word' id='word_1_81' title='bbox 1203 1320 1340 1397; x_wconf 80' lang='lat' dir='ltr'><strong>fructus,</strong></span> 
     </span>
     <span class='ocr_line' id='line_1_11' title="bbox 255 1423 1341 1516; baseline -0.007 -24"><span class='ocrx_word' id='word_1_82' title='bbox 255 1429 394 1504; x_wconf 90' lang='lat' dir='ltr'><strong>semina,</strong></span> <span class='ocrx_word' id='word_1_83' title='bbox 413 1427 520 1504; x_wconf 89' lang='lat' dir='ltr'><strong>succi,</strong></span> <span class='ocrx_word' id='word_1_84' title='bbox 543 1426 611 1503; x_wconf 90' lang='lat' dir='ltr'><strong>lac,</strong></span> <span class='ocrx_word' id='word_1_85' title='bbox 632 1425 805 1508; x_wconf 74' lang='lat' dir='ltr'><strong>lacrymae,</strong></span> <span class='ocrx_word' id='word_1_86' title='bbox 819 1423 960 1501; x_wconf 87' lang='lat' dir='ltr'><strong>radices,</strong></span> <span class='ocrx_word' id='word_1_87' title='bbox 976 1423 1194 1505; x_wconf 87' lang='lat' dir='ltr'><strong>liquamenta,</strong></span> <span class='ocrx_word' id='word_1_88' title='bbox 1218 1427 1252 1485; x_wconf 90' lang='lat' dir='ltr'><strong>et</strong></span> <span class='ocrx_word' id='word_1_89' title='bbox 1267 1440 1341 1516; x_wconf 81' lang='lat' dir='ltr'><strong>con·</strong></span> 
     </span>
     <span class='ocr_line' id='line_1_12' title="bbox 255 1525 1341 1612; baseline -0.006 -18"><span class='ocrx_word' id='word_1_90' title='bbox 255 1529 338 1594; x_wconf 89' lang='lat' dir='ltr'><strong>tioes</strong></span> <span class='ocrx_word' id='word_1_91' title='bbox 348 1548 359 1606; x_wconf 79' lang='lat'>3</span> <span class='ocrx_word' id='word_1_92' title='bbox 371 1547 448 1612; x_wconf 73' lang='lat' dir='ltr'><strong>quas</strong></span> <span class='ocrx_word' id='word_1_93' title='bbox 462 1547 538 1594; x_wconf 90' lang='lat' dir='ltr'><strong>oum</strong></span> <span class='ocrx_word' id='word_1_94' title='bbox 551 1529 693 1593; x_wconf 86' lang='lat' dir='ltr'><strong>diversis</strong></span> <span class='ocrx_word' id='word_1_95' title='bbox 705 1528 841 1601; x_wconf 86' lang='lat' dir='ltr'><strong>omnino</strong></span> <span class='ocrx_word' id='word_1_96' title='bbox 856 1527 1061 1610; x_wconf 82' lang='lat' dir='ltr'><strong>temporibus</strong></span> <span class='ocrx_word' id='word_1_97' title='bbox 1076 1525 1185 1607; x_wconf 75' lang='lat' dir='ltr'><strong>colligi</strong></span> <span class='ocrx_word' id='word_1_98' title='bbox 1200 1544 1341 1590; x_wconf 89' lang='lat' dir='ltr'><strong>necesse</strong></span> 
     </span>
     <span class='ocr_line' id='line_1_13' title="bbox 257 1627 1343 1712; baseline -0.004 -18"><span class='ocrx_word' id='word_1_99' title='bbox 257 1632 311 1707; x_wconf 87' lang='lat' dir='ltr'><strong>sit,</strong></span> <span class='ocrx_word' id='word_1_100' title='bbox 327 1649 393 1712; x_wconf 91' lang='lat' dir='ltr'><strong>quo</strong></span> <span class='ocrx_word' id='word_1_101' title='bbox 407 1629 482 1693; x_wconf 88' lang='lat' dir='ltr'><strong>usui</strong></span> <span class='ocrx_word' id='word_1_102' title='bbox 502 1628 633 1694; x_wconf 91' lang='lat' dir='ltr'><strong>medico</strong></span> <span class='ocrx_word' id='word_1_103' title='bbox 647 1629 768 1694; x_wconf 89' lang='lat' dir='ltr'><strong>idonea</strong></span> <span class='ocrx_word' id='word_1_104' title='bbox 788 1629 866 1705; x_wconf 90' lang='lat' dir='ltr'><strong>sint,</strong></span> <span class='ocrx_word' id='word_1_105' title='bbox 881 1629 1106 1694; x_wconf 90' lang='lat' dir='ltr'><strong>certissimum</strong></span> <span class='ocrx_word' id='word_1_106' title='bbox 1121 1627 1248 1693; x_wconf 77' lang='lat' dir='ltr'><strong>faciunt</strong></span> <span class='ocrx_word' id='word_1_107' title='bbox 1262 1627 1343 1691; x_wconf 86' lang='lat' dir='ltr'><strong>scri·</strong></span> 
     </span>
    </p>
   </div>
   <div class='ocr_carea' id='block_1_3' title="bbox 255 1728 1478 1813">
    <p class='ocr_par' dir='ltr' id='par_1_3' title="bbox 255 1728 1478 1813">
     <span class='ocr_line' id='line_1_14' title="bbox 255 1728 1478 1813; baseline 0.002 -17"><span class='ocrx_word' id='word_1_108' title='bbox 255 1730 520 1796; x_wconf 80' lang='lat' dir='ltr'><strong>bentisinscitiae</strong></span> <span class='ocrx_word' id='word_1_109' title='bbox 535 1735 772 1813; x_wconf 76' lang='lat' dir='ltr'><strong>argumentum.</strong></span> <span class='ocrx_word' id='word_1_110' title='bbox 817 1728 967 1794; x_wconf 89' lang='lat' dir='ltr'><strong>Radices</strong></span> <span class='ocrx_word' id='word_1_111' title='bbox 978 1747 1133 1812; x_wconf 90' lang='lat' dir='ltr'><strong>namque,</strong></span> <span class='ocrx_word' id='word_1_112' title='bbox 1145 1734 1180 1792; x_wconf 88' lang='lat' dir='ltr'><strong>et</strong></span> <span class='ocrx_word' id='word_1_113' title='bbox 1188 1729 1342 1806; x_wconf 88' lang='lat' dir='ltr'><strong>cortices,</strong></span> <span class='ocrx_word' id='word_1_114' title='bbox 1472 1784 1478 1798; x_wconf 82' lang='lat'><strong>.</strong></span> 
     </span>
    </p>
   </div>
   <div class='ocr_carea' id='block_1_4' title="bbox 256 1829 1352 4244">
    <p class='ocr_par' dir='ltr' id='par_1_4' title="bbox 256 1829 1352 4244">
     <span class='ocr_line' id='line_1_15' title="bbox 256 1829 1343 1905; baseline -0.002 -9"><span class='ocrx_word' id='word_1_115' title='bbox 256 1831 447 1896; x_wconf 89' lang='lat' dir='ltr'><strong>testimonio</strong></span> <span class='ocrx_word' id='word_1_116' title='bbox 472 1831 685 1896; x_wconf 83' lang='lat' dir='ltr'><strong>Dioscuridis</strong></span> <span class='ocrx_word' id='word_1_117' title='bbox 708 1832 743 1896; x_wconf 90' lang='lat' dir='ltr'><strong>in</strong></span> <span class='ocrx_word' id='word_1_118' title='bbox 767 1831 980 1895; x_wconf 76' lang='lat' dir='ltr'><strong>Praelationis</strong></span> <span class='ocrx_word' id='word_1_119' title='bbox 1010 1829 1208 1894; x_wconf 88' lang='lat' dir='ltr'><strong>universalis</strong></span> <span class='ocrx_word' id='word_1_120' title='bbox 1238 1829 1343 1905; x_wconf 86' lang='lat' dir='ltr'><strong>calce,</strong></span> 
     </span>
     <span class='ocr_line' id='line_1_16' title="bbox 256 1931 1344 2014; baseline -0.004 -16"><span class='ocrx_word' id='word_1_121' title='bbox 256 1939 332 2006; x_wconf 63' lang='lat' dir='ltr'><strong>tum,</strong></span> <span class='ocrx_word' id='word_1_122' title='bbox 341 1933 462 2014; x_wconf 81' lang='lat' dir='ltr'><strong>vigent,</strong></span> <span class='ocrx_word' id='word_1_123' title='bbox 477 1941 512 1996; x_wconf 90' lang='lat' dir='ltr'><strong>et</strong></span> <span class='ocrx_word' id='word_1_124' title='bbox 525 1933 624 1997; x_wconf 88' lang='lat' dir='ltr'><strong>utiles</strong></span> <span class='ocrx_word' id='word_1_125' title='bbox 638 1934 723 2012; x_wconf 87' lang='lat' dir='ltr'><strong>sunt,</strong></span> <span class='ocrx_word' id='word_1_126' title='bbox 743 1952 820 1997; x_wconf 90' lang='lat' dir='ltr'><strong>oum</strong></span> <span class='ocrx_word' id='word_1_127' title='bbox 835 1933 919 1997; x_wconf 78' lang='lat' dir='ltr'><strong>lolia</strong></span> <span class='ocrx_word' id='word_1_128' title='bbox 934 1932 1218 2010; x_wconf 76' lang='lat' dir='ltr'><strong>contabescentis,</strong></span> <span class='ocrx_word' id='word_1_129' title='bbox 1232 1936 1266 1994; x_wconf 88' lang='lat' dir='ltr'><strong>et</strong></span> <span class='ocrx_word' id='word_1_130' title='bbox 1283 1931 1344 1994; x_wconf 91' lang='lat' dir='ltr'><strong>ali·</strong></span> 
     </span>
     <span class='ocr_line' id='line_1_17' title="bbox 256 2033 1345 2114; baseline 0 -18"><span class='ocrx_word' id='word_1_131' title='bbox 256 2039 367 2098; x_wconf 87' lang='lat' dir='ltr'><strong>mento</strong></span> <span class='ocrx_word' id='word_1_132' title='bbox 379 2033 537 2098; x_wconf 88' lang='lat' dir='ltr'><strong>destituta</strong></span> <span class='ocrx_word' id='word_1_133' title='bbox 551 2033 810 2111; x_wconf 62' lang='lat' dir='ltr'><strong>decidentem</strong></span> <span class='ocrx_word' id='word_1_134' title='bbox 824 2035 936 2098; x_wconf 89' lang='lat' dir='ltr'><strong>herbae</strong></span> <span class='ocrx_word' id='word_1_135' title='bbox 950 2052 1029 2098; x_wconf 87' lang='lat' dir='ltr'><strong>vero</strong></span> <span class='ocrx_word' id='word_1_136' title='bbox 1043 2037 1170 2114; x_wconf 82' lang='lat' dir='ltr'><strong>turgent</strong></span> <span class='ocrx_word' id='word_1_137' title='bbox 1184 2051 1300 2109; x_wconf 88' lang='lat' dir='ltr'><strong>succo,</strong></span> <span class='ocrx_word' id='word_1_138' title='bbox 1310 2041 1345 2096; x_wconf 91' lang='lat' dir='ltr'><strong>et</strong></span> 
     </span>
     <span class='ocr_line' id='line_1_18' title="bbox 256 2123 1343 2218; baseline 0.001 -21"><span class='ocrx_word' id='word_1_139' title='bbox 256 2133 389 2218; x_wconf 87' lang='lat' dir='ltr'><strong>plurimi</strong></span> <span class='ocrx_word' id='word_1_140' title='bbox 403 2140 586 2209; x_wconf 86' lang='lat' dir='ltr'><strong>suutusus,</strong></span> <span class='ocrx_word' id='word_1_141' title='bbox 595 2134 727 2198; x_wconf 86' lang='lat' dir='ltr'><strong>radices</strong></span> <span class='ocrx_word' id='word_1_142' title='bbox 738 2134 984 2216; x_wconf 86' lang='lat' dir='ltr'><strong>quodammodo</strong></span> <span class='ocrx_word' id='word_1_143' title='bbox 997 2133 1170 2198; x_wconf 81' lang='lat' dir='ltr'><strong>exhaustae</strong></span> <span class='ocrx_word' id='word_1_144' title='bbox 1184 2123 1343 2215; x_wconf 80' lang='lat' dir='ltr'><strong>prodesse</strong></span> 
     </span>
     <span class='ocr_line' id='line_1_19' title="bbox 256 2234 1343 2318; baseline 0.001 -20"><span class='ocrx_word' id='word_1_145' title='bbox 256 2252 323 2298; x_wconf 90' lang='lat' dir='ltr'><strong>uon</strong></span> <span class='ocrx_word' id='word_1_146' title='bbox 333 2240 495 2317; x_wconf 87' lang='lat' dir='ltr'><strong>possunt:</strong></span> <span class='ocrx_word' id='word_1_147' title='bbox 518 2234 573 2299; x_wconf 90' lang='lat' dir='ltr'><strong>lec</strong></span> <span class='ocrx_word' id='word_1_148' title='bbox 589 2235 755 2318; x_wconf 86' lang='lat' dir='ltr'><strong>lacrymas</strong></span> <span class='ocrx_word' id='word_1_149' title='bbox 770 2235 948 2317; x_wconf 89' lang='lat' dir='ltr'><strong>quemedio</strong></span> <span class='ocrx_word' id='word_1_150' title='bbox 967 2241 1114 2318; x_wconf 93' lang='lat' dir='ltr'><strong>tempore</strong></span> <span class='ocrx_word' id='word_1_151' title='bbox 1133 2235 1219 2298; x_wconf 90' lang='lat' dir='ltr'><strong>inter</strong></span> <span class='ocrx_word' id='word_1_152' title='bbox 1231 2235 1343 2300; x_wconf 79' lang='lat' dir='ltr'><strong>herbas</strong></span> 
     </span>
     <span class='ocr_line' id='line_1_20' title="bbox 258 2334 1345 2419; baseline 0.002 -21"><span class='ocrx_word' id='word_1_153' title='bbox 258 2339 292 2400; x_wconf 88' lang='lat' dir='ltr'><strong>st</strong></span> <span class='ocrx_word' id='word_1_154' title='bbox 316 2335 467 2400; x_wconf 89' lang='lat' dir='ltr'><strong>radicum</strong></span> <span class='ocrx_word' id='word_1_155' title='bbox 483 2335 628 2416; x_wconf 83' lang='lat' dir='ltr'><strong>vigorem</strong></span> <span class='ocrx_word' id='word_1_156' title='bbox 656 2334 770 2419; x_wconf 86' lang='lat' dir='ltr'><strong>excipi</strong></span> <span class='ocrx_word' id='word_1_157' title='bbox 790 2337 966 2400; x_wconf 82' lang='lat' dir='ltr'><strong>convenit:</strong></span> <span class='ocrx_word' id='word_1_158' title='bbox 999 2336 1137 2414; x_wconf 81' lang='lat' dir='ltr'><strong>fructus,</strong></span> <span class='ocrx_word' id='word_1_159' title='bbox 1161 2342 1194 2400; x_wconf 89' lang='lat' dir='ltr'><strong>et</strong></span> <span class='ocrx_word' id='word_1_160' title='bbox 1216 2339 1345 2400; x_wconf 88' lang='lat' dir='ltr'><strong>semina</strong></span> 
     </span>
     <span class='ocr_line' id='line_1_21' title="bbox 257 2435 1345 2520; baseline 0.004 -22"><span class='ocrx_word' id='word_1_161' title='bbox 257 2435 440 2520; x_wconf 86' lang='lat' dir='ltr'><strong>posterius,</strong></span> <span class='ocrx_word' id='word_1_162' title='bbox 456 2443 533 2500; x_wconf 90' lang='lat' dir='ltr'><strong>ante</strong></span> <span class='ocrx_word' id='word_1_163' title='bbox 547 2435 659 2514; x_wconf 85' lang='lat' dir='ltr'><strong>flores,</strong></span> <span class='ocrx_word' id='word_1_164' title='bbox 673 2456 750 2519; x_wconf 77' lang='lat' dir='ltr'><strong>quaa</strong></span> <span class='ocrx_word' id='word_1_165' title='bbox 766 2437 832 2500; x_wconf 90' lang='lat' dir='ltr'><strong>sibi</strong></span> <span class='ocrx_word' id='word_1_166' title='bbox 848 2437 961 2501; x_wconf 92' lang='lat' dir='ltr'><strong>omnia</strong></span> <span class='ocrx_word' id='word_1_167' title='bbox 976 2436 1049 2500; x_wconf 87' lang='lat' dir='ltr'><strong>sine</strong></span> <span class='ocrx_word' id='word_1_168' title='bbox 1060 2436 1250 2502; x_wconf 84' lang='lat' dir='ltr'><strong>discrimine</strong></span> <span class='ocrx_word' id='word_1_169' title='bbox 1264 2444 1345 2517; x_wconf 81' lang='lat' dir='ltr'><strong>tem-</strong></span> 
     </span>
     <span class='ocr_line' id='line_1_22' title="bbox 257 2536 1346 2620; baseline 0.001 -20"><span class='ocrx_word' id='word_1_170' title='bbox 257 2538 351 2618; x_wconf 89' lang='lat' dir='ltr'><strong>poris</strong></span> <span class='ocrx_word' id='word_1_171' title='bbox 374 2536 621 2620; x_wconf 88' lang='lat' dir='ltr'><strong>imperitissime</strong></span> <span class='ocrx_word' id='word_1_172' title='bbox 649 2537 764 2620; x_wconf 79' lang='lat' dir='ltr'><strong>colligi</strong></span> <span class='ocrx_word' id='word_1_173' title='bbox 788 2539 907 2603; x_wconf 84' lang='lat' dir='ltr'><strong>voluit.</strong></span> <span class='ocrx_word' id='word_1_174' title='bbox 952 2537 1020 2602; x_wconf 91' lang='lat' dir='ltr'><strong>Sed</strong></span> <span class='ocrx_word' id='word_1_175' title='bbox 1049 2557 1124 2602; x_wconf 89' lang='lat' dir='ltr'><strong>cum</strong></span> <span class='ocrx_word' id='word_1_176' title='bbox 1147 2538 1259 2604; x_wconf 91' lang='lat' dir='ltr'><strong>omnia</strong></span> <span class='ocrx_word' id='word_1_177' title='bbox 1273 2540 1346 2604; x_wconf 82' lang='lat' dir='ltr'><strong>haec</strong></span> 
     </span>
     <span class='ocr_line' id='line_1_23' title="bbox 257 2637 1346 2722; baseline 0.004 -22"><span class='ocrx_word' id='word_1_178' title='bbox 257 2637 352 2705; x_wconf 91' lang='lat' dir='ltr'><strong>nihili</strong></span> <span class='ocrx_word' id='word_1_179' title='bbox 373 2639 561 2713; x_wconf 79' lang='lat' dir='ltr'><strong>fecerimus,</strong></span> <span class='ocrx_word' id='word_1_180' title='bbox 576 2643 685 2704; x_wconf 89' lang='lat' dir='ltr'><strong>tamen</strong></span> <span class='ocrx_word' id='word_1_181' title='bbox 706 2639 809 2703; x_wconf 88' lang='lat' dir='ltr'><strong>Plinii</strong></span> <span class='ocrx_word' id='word_1_182' title='bbox 828 2640 1012 2706; x_wconf 88' lang='lat' dir='ltr'><strong>auctoritas</strong></span> <span class='ocrx_word' id='word_1_183' title='bbox 1025 2639 1135 2722; x_wconf 87' lang='lat' dir='ltr'><strong>palam</strong></span> <span class='ocrx_word' id='word_1_184' title='bbox 1156 2639 1237 2704; x_wconf 83' lang='lat' dir='ltr'><strong>facit</strong></span> <span class='ocrx_word' id='word_1_185' title='bbox 1258 2659 1346 2718; x_wconf 90' lang='lat' dir='ltr'><strong>eum,</strong></span> 
     </span>
     <span class='ocr_line' id='line_1_24' title="bbox 258 2737 1348 2826; baseline 0.006 -26"><span class='ocrx_word' id='word_1_186' title='bbox 258 2740 316 2820; x_wconf 91' lang='lat' dir='ltr'><strong>qui</strong></span> <span class='ocrx_word' id='word_1_187' title='bbox 329 2737 616 2825; x_wconf 81' lang='lat' dir='ltr'><strong>Epistolumhanc</strong></span> <span class='ocrx_word' id='word_1_188' title='bbox 630 2740 739 2812; x_wconf 81' lang='lat' dir='ltr'><strong>fluxit,</strong></span> <span class='ocrx_word' id='word_1_189' title='bbox 754 2747 919 2826; x_wconf 89' lang='lat' dir='ltr'><strong>tempora,</strong></span> <span class='ocrx_word' id='word_1_190' title='bbox 933 2741 1055 2824; x_wconf 88' lang='lat' dir='ltr'><strong>quibus</strong></span> <span class='ocrx_word' id='word_1_191' title='bbox 1070 2739 1301 2824; x_wconf 85' lang='lat' dir='ltr'><strong>Hippocrates</strong></span> <span class='ocrx_word' id='word_1_192' title='bbox 1314 2749 1348 2806; x_wconf 87' lang='lat' dir='ltr'><strong>ct</strong></span> 
     </span>
     <span class='ocr_line' id='line_1_25' title="bbox 259 2839 1349 2926; baseline 0 -20"><span class='ocrx_word' id='word_1_193' title='bbox 259 2839 420 2906; x_wconf 82' lang='lat' dir='ltr'><strong>Crateuas</strong></span> <span class='ocrx_word' id='word_1_194' title='bbox 444 2840 612 2919; x_wconf 85' lang='lat' dir='ltr'><strong>vixerunt,</strong></span> <span class='ocrx_word' id='word_1_195' title='bbox 636 2860 776 2925; x_wconf 88' lang='lat' dir='ltr'><strong>prorsus</strong></span> <span class='ocrx_word' id='word_1_196' title='bbox 795 2843 986 2925; x_wconf 79' lang='lat' dir='ltr'><strong>ignorasse3</strong></span> <span class='ocrx_word' id='word_1_197' title='bbox 1008 2860 1084 2906; x_wconf 90' lang='lat' dir='ltr'><strong>cum</strong></span> <span class='ocrx_word' id='word_1_198' title='bbox 1106 2842 1162 2906; x_wconf 88' lang='lat' dir='ltr'><strong>ille</strong></span> <span class='ocrx_word' id='word_1_199' title='bbox 1176 2841 1349 2926; x_wconf 86' lang='lat' dir='ltr'><strong>antiquior</strong></span> 
     </span>
     <span class='ocr_line' id='line_1_26' title="bbox 259 2938 1348 3027; baseline 0.001 -22"><span class='ocrx_word' id='word_1_200' title='bbox 259 2942 444 3006; x_wconf 86' lang='lat' dir='ltr'><strong>Aristotele</strong></span> <span class='ocrx_word' id='word_1_201' title='bbox 459 2940 568 3020; x_wconf 86' lang='lat' dir='ltr'><strong>fuerit,</strong></span> <span class='ocrx_word' id='word_1_202' title='bbox 583 2942 637 3006; x_wconf 89' lang='lat' dir='ltr'><strong>bic</strong></span> <span class='ocrx_word' id='word_1_203' title='bbox 659 2943 793 3026; x_wconf 89' lang='lat' dir='ltr'><strong>aliquot</strong></span> <span class='ocrx_word' id='word_1_204' title='bbox 803 2938 938 3011; x_wconf 63' lang='lat' dir='ltr'><strong>aciculis</strong></span> <span class='ocrx_word' id='word_1_205' title='bbox 948 2943 1112 3027; x_wconf 85' lang='lat' dir='ltr'><strong>posterior</strong></span> <span class='ocrx_word' id='word_1_206' title='bbox 1127 2941 1312 3007; x_wconf 87' lang='lat' dir='ltr'><strong>Mithridati</strong></span> <span class='ocrx_word' id='word_1_207' title='bbox 1328 2963 1348 3006; x_wconf 91' lang='lat' dir='ltr'><strong>a</strong></span> 
     </span>
     <span class='ocr_line' id='line_1_27' title="bbox 260 3041 1348 3127; baseline 0.001 -19"><span class='ocrx_word' id='word_1_208' title='bbox 260 3042 387 3123; x_wconf 80' lang='lat' dir='ltr'><strong>Magno</strong></span> <span class='ocrx_word' id='word_1_209' title='bbox 410 3041 576 3126; x_wconf 89' lang='lat' dir='ltr'><strong>Pompeio</strong></span> <span class='ocrx_word' id='word_1_210' title='bbox 592 3042 725 3107; x_wconf 87' lang='lat' dir='ltr'><strong>devicto</strong></span> <span class='ocrx_word' id='word_1_211' title='bbox 744 3044 891 3125; x_wconf 88' lang='lat' dir='ltr'><strong>plantam</strong></span> <span class='ocrx_word' id='word_1_212' title='bbox 905 3041 1060 3126; x_wconf 84' lang='lat' dir='ltr'><strong>ascripsit</strong></span> <span class='ocrx_word' id='word_1_213' title='bbox 1073 3042 1114 3105; x_wconf 90' lang='lat' dir='ltr'><strong>de</strong></span> <span class='ocrx_word' id='word_1_214' title='bbox 1129 3043 1202 3127; x_wconf 88' lang='lat' dir='ltr'><strong>ejus</strong></span> <span class='ocrx_word' id='word_1_215' title='bbox 1216 3045 1348 3108; x_wconf 91' lang='lat' dir='ltr'><strong>nomine</strong></span> 
     </span>
     <span class='ocr_line' id='line_1_28' title="bbox 259 3141 1349 3226; baseline 0.004 -22"><span class='ocrx_word' id='word_1_216' title='bbox 259 3141 529 3207; x_wconf 90' lang='lat' dir='ltr'><strong>‘Mithridation’</strong></span> <span class='ocrx_word' id='word_1_217' title='bbox 563 3142 778 3226; x_wconf 70' lang='lat' dir='ltr'><strong>appellatam</strong></span> <span class='ocrx_word' id='word_1_218' title='bbox 809 3152 845 3208; x_wconf 92' lang='lat' dir='ltr'><strong>ut</strong></span> <span class='ocrx_word' id='word_1_219' title='bbox 873 3151 989 3209; x_wconf 86' lang='lat' dir='ltr'><strong>auctor</strong></span> <span class='ocrx_word' id='word_1_220' title='bbox 1018 3142 1151 3208; x_wconf 89' lang='lat' dir='ltr'><strong>Plinius</strong></span> <span class='ocrx_word' id='word_1_221' title='bbox 1184 3149 1238 3209; x_wconf 89' lang='lat' dir='ltr'><strong>est</strong></span> <span class='ocrx_word' id='word_1_222' title='bbox 1266 3143 1349 3210; x_wconf 82' lang='lat' dir='ltr'><strong>Nat.</strong></span> 
     </span>
     <span class='ocr_line' id='line_1_29' title="bbox 259 3242 1349 3329; baseline 0.002 -21"><span class='ocrx_word' id='word_1_223' title='bbox 259 3242 355 3308; x_wconf 88' lang='lat' dir='ltr'><strong>Hist.</strong></span> <span class='ocrx_word' id='word_1_224' title='bbox 370 3257 469 3306; x_wconf 83' lang='lat' dir='ltr'><strong>xxv.</strong></span> <span class='ocrx_word' id='word_1_225' title='bbox 482 3243 515 3306; x_wconf 89' lang='grc'><strong>6.</strong></span> <span class='ocrx_word' id='word_1_226' title='bbox 530 3243 583 3307; x_wconf 89' lang='lat' dir='ltr'><strong>his</strong></span> <span class='ocrx_word' id='word_1_227' title='bbox 594 3244 723 3310; x_wconf 84' lang='lat' dir='ltr'><strong>verbis:</strong></span> <span class='ocrx_word' id='word_1_228' title='bbox 740 3244 834 3328; x_wconf 89' lang='lat' dir='ltr'><strong>‘Ipsi</strong></span> <span class='ocrx_word' id='word_1_229' title='bbox 854 3243 1036 3310; x_wconf 86' lang='lat' dir='ltr'><strong>Mithridati</strong></span> <span class='ocrx_word' id='word_1_230' title='bbox 1050 3243 1211 3310; x_wconf 82' lang='lat' dir='ltr'><strong>Crateras</strong></span> <span class='ocrx_word' id='word_1_231' title='bbox 1223 3247 1349 3329; x_wconf 90' lang='lat' dir='ltr'><strong>ascrip-</strong></span> 
     </span>
     <span class='ocr_line' id='line_1_30' title="bbox 259 3343 1351 3430; baseline 0.002 -22"><span class='ocrx_word' id='word_1_232' title='bbox 259 3345 304 3410; x_wconf 91' lang='lat' dir='ltr'><strong>sit</strong></span> <span class='ocrx_word' id='word_1_233' title='bbox 317 3363 414 3408; x_wconf 90' lang='lat' dir='ltr'><strong>unam</strong></span> <span class='ocrx_word' id='word_1_234' title='bbox 440 3343 668 3410; x_wconf 84' lang='lat' dir='ltr'><strong>Mithridation</strong></span> <span class='ocrx_word' id='word_1_235' title='bbox 689 3345 905 3430; x_wconf 85' lang='lat' dir='ltr'><strong>appellatam,</strong></span> <span class='ocrx_word' id='word_1_236' title='bbox 921 3346 1056 3410; x_wconf 87' lang='lat' dir='ltr'><strong>alteram</strong></span> <span class='ocrx_word' id='word_1_237' title='bbox 1071 3344 1232 3410; x_wconf 76' lang='lat' dir='ltr'><strong>Lenaem’</strong></span> <span class='ocrx_word' id='word_1_238' title='bbox 1256 3345 1351 3429; x_wconf 80' lang='lat' dir='ltr'><strong>Mag·</strong></span> 
     </span>
     <span class='ocr_line' id='line_1_31' title="bbox 259 3446 1351 3531; baseline 0.002 -21"><span class='ocrx_word' id='word_1_239' title='bbox 259 3447 295 3510; x_wconf 91' lang='lat' dir='ltr'><strong>ni</strong></span> <span class='ocrx_word' id='word_1_240' title='bbox 310 3446 464 3529; x_wconf 87' lang='lat' dir='ltr'><strong>Pompeii</strong></span> <span class='ocrx_word' id='word_1_241' title='bbox 486 3446 649 3523; x_wconf 88' lang='lat' dir='ltr'><strong>Libertus,</strong></span> <span class='ocrx_word' id='word_1_242' title='bbox 671 3448 768 3531; x_wconf 88' lang='lat' dir='ltr'><strong>cujus</strong></span> <span class='ocrx_word' id='word_1_243' title='bbox 778 3447 879 3530; x_wconf 87' lang='lat' dir='ltr'><strong>jussu</strong></span> <span class='ocrx_word' id='word_1_244' title='bbox 898 3446 1103 3512; x_wconf 82' lang='lat' dir='ltr'><strong>Mithridatis</strong></span> <span class='ocrx_word' id='word_1_245' title='bbox 1117 3448 1351 3512; x_wconf 86' lang='lat' dir='ltr'><strong>commentaria</strong></span> 
     </span>
     <span class='ocr_line' id='line_1_32' title="bbox 260 3547 1349 3631; baseline 0 -21"><span class='ocrx_word' id='word_1_246' title='bbox 260 3547 401 3618; x_wconf 87' lang='lat' dir='ltr'><strong>medica,</strong></span> <span class='ocrx_word' id='word_1_247' title='bbox 417 3567 494 3631; x_wconf 83' lang='lat' dir='ltr'><strong>quae</strong></span> <span class='ocrx_word' id='word_1_248' title='bbox 517 3548 551 3611; x_wconf 93' lang='lat' dir='ltr'><strong>in</strong></span> <span class='ocrx_word' id='word_1_249' title='bbox 574 3551 706 3614; x_wconf 88' lang='lat' dir='ltr'><strong>arcanis</strong></span> <span class='ocrx_word' id='word_1_250' title='bbox 726 3551 796 3614; x_wconf 89' lang='lat' dir='ltr'><strong>suis</strong></span> <span class='ocrx_word' id='word_1_251' title='bbox 822 3549 881 3612; x_wconf 91' lang='lat' dir='ltr'><strong>ille</strong></span> <span class='ocrx_word' id='word_1_252' title='bbox 907 3548 1093 3630; x_wconf 89' lang='lat' dir='ltr'><strong>reliquerat,</strong></span> <span class='ocrx_word' id='word_1_253' title='bbox 1123 3548 1243 3613; x_wconf 88' lang='lat' dir='ltr'><strong>Latina</strong></span> <span class='ocrx_word' id='word_1_254' title='bbox 1260 3548 1349 3627; x_wconf 84' lang='lat' dir='ltr'><strong>fecit,</strong></span> 
     </span>
     <span class='ocr_line' id='line_1_33' title="bbox 260 3646 1349 3733; baseline 0.001 -22"><span class='ocrx_word' id='word_1_255' title='bbox 260 3646 376 3712; x_wconf 88' lang='lat' dir='ltr'><strong>eodem</strong></span> <span class='ocrx_word' id='word_1_256' title='bbox 392 3646 504 3713; x_wconf 89' lang='lat' dir='ltr'><strong>Plinio</strong></span> <span class='ocrx_word' id='word_1_257' title='bbox 524 3655 609 3713; x_wconf 88' lang='lat' dir='ltr'><strong>tosto</strong></span> <span class='ocrx_word' id='word_1_258' title='bbox 630 3650 780 3733; x_wconf 86' lang='lat' dir='ltr'><strong>ejusdem</strong></span> <span class='ocrx_word' id='word_1_259' title='bbox 799 3651 874 3716; x_wconf 92' lang='lat' dir='ltr'><strong>lihri</strong></span> <span class='ocrx_word' id='word_1_260' title='bbox 888 3669 965 3733; x_wconf 87' lang='lat' dir='ltr'><strong>cap.</strong></span> <span class='ocrx_word' id='word_1_261' title='bbox 976 3651 1009 3714; x_wconf 77' lang='lat'><strong>2.</strong></span> <span class='ocrx_word' id='word_1_262' title='bbox 1054 3647 1285 3733; x_wconf 84' lang='lat' dir='ltr'><strong>Euphorbium</strong></span> <span class='ocrx_word' id='word_1_263' title='bbox 1300 3651 1349 3712; x_wconf 90' lang='lat' dir='ltr'><strong>iu-</strong></span> 
     </span>
     <span class='ocr_line' id='line_1_34' title="bbox 259 3747 1350 3834; baseline 0.001 -22"><span class='ocrx_word' id='word_1_264' title='bbox 259 3747 351 3812; x_wconf 80' lang='lat' dir='ltr'><strong>venit</strong></span> <span class='ocrx_word' id='word_1_265' title='bbox 378 3766 439 3812; x_wconf 85' lang='lat' dir='ltr'><strong>rex</strong></span> <span class='ocrx_word' id='word_1_266' title='bbox 469 3747 572 3826; x_wconf 86' lang='lat' dir='ltr'><strong>Juba,</strong></span> <span class='ocrx_word' id='word_1_267' title='bbox 597 3769 701 3833; x_wconf 88' lang='lat' dir='ltr'><strong>penes</strong></span> <span class='ocrx_word' id='word_1_268' title='bbox 731 3752 881 3816; x_wconf 89' lang='lat' dir='ltr'><strong>Plinium</strong></span> <span class='ocrx_word' id='word_1_269' title='bbox 908 3751 988 3815; x_wconf 89' lang='lat' dir='ltr'><strong>Nat.</strong></span> <span class='ocrx_word' id='word_1_270' title='bbox 1013 3750 1105 3816; x_wconf 88' lang='lat' dir='ltr'><strong>Hist.</strong></span> <span class='ocrx_word' id='word_1_271' title='bbox 1134 3753 1168 3812; x_wconf 78' lang='lat' dir='ltr'><strong>v.</strong></span> <span class='ocrx_word' id='word_1_272' title='bbox 1197 3751 1228 3815; x_wconf 90' lang='lat' dir='ltr'><strong>l.</strong></span> <span class='ocrx_word' id='word_1_273' title='bbox 1254 3756 1350 3834; x_wconf 90' lang='lat' dir='ltr'><strong>pater</strong></span> 
     </span>
     <span class='ocr_line' id='line_1_35' title="bbox 262 3848 1350 3934; baseline 0.003 -20"><span class='ocrx_word' id='word_1_274' title='bbox 262 3848 449 3928; x_wconf 74' lang='lat' dir='ltr'><strong>Ptolemaei,</strong></span> <span class='ocrx_word' id='word_1_275' title='bbox 475 3869 573 3934; x_wconf 90' lang='lat' dir='ltr'><strong>quem</strong></span> <span class='ocrx_word' id='word_1_276' title='bbox 601 3871 646 3916; x_wconf 86' lang='lat' dir='ltr'><strong>ex</strong></span> <span class='ocrx_word' id='word_1_277' title='bbox 660 3851 799 3919; x_wconf 83' lang='lat' dir='ltr'><strong>Antonii</strong></span> <span class='ocrx_word' id='word_1_278' title='bbox 826 3859 861 3917; x_wconf 90' lang='lat' dir='ltr'><strong>et</strong></span> <span class='ocrx_word' id='word_1_279' title='bbox 889 3850 1079 3934; x_wconf 71' lang='lat' dir='ltr'><strong>cleopatra</strong></span> <span class='ocrx_word' id='word_1_280' title='bbox 1100 3851 1170 3914; x_wconf 84' lang='lat' dir='ltr'><strong>iilia</strong></span> <span class='ocrx_word' id='word_1_281' title='bbox 1197 3850 1350 3934; x_wconf 85' lang='lat' dir='ltr'><strong>ejusdem</strong></span> 
     </span>
     <span class='ocr_line' id='line_1_36' title="bbox 261 3951 1351 4040; baseline 0.003 -25"><span class='ocrx_word' id='word_1_282' title='bbox 261 3971 337 4016; x_wconf 89' lang='lat' dir='ltr'><strong>curn</strong></span> <span class='ocrx_word' id='word_1_283' title='bbox 358 3960 464 4016; x_wconf 90' lang='lat' dir='ltr'><strong>matre</strong></span> <span class='ocrx_word' id='word_1_284' title='bbox 478 3953 620 4017; x_wconf 88' lang='lat' dir='ltr'><strong>nominis</strong></span> <span class='ocrx_word' id='word_1_285' title='bbox 635 3955 798 4040; x_wconf 88' lang='lat' dir='ltr'><strong>suscepit,</strong></span> <span class='ocrx_word' id='word_1_286' title='bbox 813 3953 980 4020; x_wconf 89' lang='lat' dir='ltr'><strong>Plutarchi</strong></span> <span class='ocrx_word' id='word_1_287' title='bbox 1001 3959 1035 4017; x_wconf 88' lang='lat' dir='ltr'><strong>ct</strong></span> <span class='ocrx_word' id='word_1_288' title='bbox 1058 3951 1181 4018; x_wconf 84' lang='lat' dir='ltr'><strong>Diouis</strong></span> <span class='ocrx_word' id='word_1_289' title='bbox 1203 3953 1351 4018; x_wconf 88' lang='lat' dir='ltr'><strong>testimo·</strong></span> 
     </span>
     <span class='ocr_line' id='line_1_37' title="bbox 260 4052 1351 4137; baseline 0.002 -22"><span class='ocrx_word' id='word_1_290' title='bbox 260 4052 330 4124; x_wconf 90' lang='lat' dir='ltr'><strong>nio,</strong></span> <span class='ocrx_word' id='word_1_291' title='bbox 351 4053 449 4137; x_wconf 91' lang='lat' dir='ltr'><strong>hujus</strong></span> <span class='ocrx_word' id='word_1_292' title='bbox 463 4054 548 4122; x_wconf 88' lang='lat' dir='ltr'><strong>libro</strong></span> <span class='ocrx_word' id='word_1_293' title='bbox 564 4054 656 4121; x_wconf 87' lang='lat' dir='ltr'><strong>Hist.</strong></span> <span class='ocrx_word' id='word_1_294' title='bbox 671 4071 718 4118; x_wconf 81' lang='lat' dir='ltr'><strong>nr.</strong></span> <span class='ocrx_word' id='word_1_295' title='bbox 732 4056 820 4120; x_wconf 90' lang='lat' dir='ltr'><strong>illius</strong></span> <span class='ocrx_word' id='word_1_296' title='bbox 831 4054 867 4120; x_wconf 93' lang='lat' dir='ltr'><strong>in</strong></span> <span class='ocrx_word' id='word_1_297' title='bbox 880 4053 931 4118; x_wconf 93' lang='lat' dir='ltr'><strong>M.</strong></span> <span class='ocrx_word' id='word_1_298' title='bbox 942 4053 1080 4119; x_wconf 85' lang='lat' dir='ltr'><strong>Antonii</strong></span> <span class='ocrx_word' id='word_1_299' title='bbox 1095 4052 1189 4118; x_wconf 86' lang='lat' dir='ltr'><strong>Vita.</strong></span> <span class='ocrx_word' id='word_1_300' title='bbox 1232 4053 1351 4118; x_wconf 90' lang='lat' dir='ltr'><strong>Strabo</strong></span> 
     </span>
     <span class='ocr_line' id='line_1_38' title="bbox 261 4154 1352 4244; baseline 0.004 -26"><span class='ocrx_word' id='word_1_301' title='bbox 261 4154 344 4220; x_wconf 89' lang='lat' dir='ltr'><strong>libro</strong></span> <span class='ocrx_word' id='word_1_302' title='bbox 359 4175 429 4224; x_wconf 78' lang='lat' dir='ltr'><strong>sum</strong></span> <span class='ocrx_word' id='word_1_303' title='bbox 444 4156 669 4244; x_wconf 76' lang='lat' dir='ltr'><strong>Gcographiae</strong></span> <span class='ocrx_word' id='word_1_304' title='bbox 684 4174 782 4222; x_wconf 86' lang='lat' dir='ltr'><strong>xvrr.</strong></span> <span class='ocrx_word' id='word_1_305' title='bbox 795 4157 884 4223; x_wconf 89' lang='lat' dir='ltr'><strong>idem</strong></span> <span class='ocrx_word' id='word_1_306' title='bbox 898 4156 1016 4234; x_wconf 89' lang='lat' dir='ltr'><strong>sensit,</strong></span> <span class='ocrx_word' id='word_1_307' title='bbox 1030 4155 1091 4224; x_wconf 88' lang='lat' dir='ltr'><strong>sed</strong></span> <span class='ocrx_word' id='word_1_308' title='bbox 1106 4154 1220 4222; x_wconf 88' lang='lat' dir='ltr'><strong>uxoris</strong></span> <span class='ocrx_word' id='word_1_309' title='bbox 1231 4173 1352 4222; x_wconf 88' lang='lat' dir='ltr'><strong>nomen</strong></span> 
     </span>
    </p>
   </div>
   <div class='ocr_carea' id='block_1_5' title="bbox 0 0 1522 4874">
    <p class='ocr_par' dir='ltr' id='par_1_5' title="bbox 0 0 1522 4874">
     <span class='ocr_line' id='line_1_39' title="bbox 0 0 1522 4874; baseline 0 0"><span class='ocrx_word' id='word_1_310' title='bbox 0 0 1522 4874; x_wconf 95' lang='lat' dir='ltr'><strong> </strong></span> 
     </span>
    </p>
   </div>
  </div>
 </body>
</html>
