3016 4876
448 373 581 426 unctio
603 374 630 421 1·
653 372 768 422 stunt
792 373 974 422 GlGAthl.
1209 357 1254 426 65

166 515 295 598 pionem
323 514 506 596 significan
537 513 614 586 dun
641 513 699 590 ait,
730 511 838 580 ‘Cum
863 513 1010 596 Pyrrhus
1031 533 1091 582 rex
1111 515 1145 582 iu
1167 521 1254 582 terra
1352 569 1354 574 ,

167 614 269 685 ltalia
282 613 391 682 esset'
435 614 659 680 Dioauthunc
677 615 869 698 scripsisse,
884 617 1065 684 inclinante
1073 616 1145 700 jam
1160 616 1254 682 Lan·

165 735 219 782 uas
231 717 352 797 linguae
370 717 566 797 majestate3
581 734 683 797 quare
697 717 867 798 accipiant
881 716 1026 782 Plinium
1041 718 1128 782 libro
1144 717 1178 782 N
1181 724 1254 785 ntu-

165 817 244 882 ralis
270 817 430 882 Historiae
453 819 564 893 tertio,
580 817 690 898 capite
716 818 843 899 quinto,
863 818 905 882 de
921 819 1020 884 Italia
1045 818 1254 896 scribentem,

166 923 261 985 ‘eam
278 925 396 984 terram
411 919 558 985 omnium
582 924 737 982 terrarum
760 919 928 985 olumnam
944 928 980 983 et
995 918 1181 1002 parentem'
1196 939 1255 1002 ap·

166 1019 336 1101 pellasse;
358 1019 408 1082 M.
425 1018 599 1094 Catonem,
622 1019 656 1082 iu
683 1021 834 1084 oratioue
853 1021 896 1086 de
913 1019 1061 1098 Achaeis,
1076 1021 1253 1098 dicentem,

166 1119 343 1204 ‘Cumque
360 1121 534 1186 Hannibal
557 1129 673 1188 terram
697 1121 831 1186 Italiam
852 1122 1018 1200 laceraret,
1035 1129 1135 1204 atque
1150 1140 1254 1188 vexa·

166 1219 247 1301 ret;'
269 1231 306 1286 et
320 1223 355 1286 iu
368 1227 459 1288 certo
474 1222 637 1304 originum
657 1221 742 1288 libro
765 1225 775 1258 ‘
786 1227 905 1288 terram
925 1222 1097 1290 Siciliam:¹
1119 1221 1254 1304 quodsi

165 1323 280 1390 malint
300 1324 366 1388 sibi
392 1323 575 1390 Varronem
597 1324 753 1406 proponi,
775 1323 911 1390 audiant
932 1324 1012 1406 quid
1033 1324 1063 1388 is
1083 1325 1208 1389 scribat
1220 1324 1255 1388 in

165 1424 250 1489 libro
275 1443 381 1494 rerum
402 1423 622 1490 humanarum
644 1422 686 1488 de
708 1425 844 1490 diebus:
868 1423 991 1492 ‘Multi
1013 1443 1092 1490 vero
1114 1424 1149 1489 iu
1171 1429 1256 1490 terra

167 1523 307 1590 Umbria
328 1545 428 1590 uuum
451 1532 486 1588 et
507 1525 644 1592 eundem
666 1525 753 1590 rliem
775 1545 847 1590 esse
870 1525 983 1590 dicunt
1005 1526 1181 1592 ameridie
1210 1524 1255 1592 ad

166 1625 336 1694 meridiem
359 1627 588 1708 insequentem
602 1625 626 1687 ε’
648 1631 682 1690 et
701 1625 783 1691 alibi
806 1626 841 1690 iu
861 1627 978 1691 eodem
993 1644 1104 1710 opere,
1127 1625 1256 1694 ‘Terre

167 1725 269 1792 ltalia
283 1725 326 1790 de
341 1725 464 1790 Graeco
482 1725 649 1789 vocabulo
667 1724 860 1806 appellata?
903 1724 1047 1790 Deficiet
1060 1744 1113 1790 me
1126 1724 1210 1802 dies,
1226 1723 1258 1788 ri

166 1845 280 1892 omues
292 1835 445 1892 auctores
460 1827 615 1909 persequi
627 1827 774 1903 voluero,
786 1827 845 1908 qui
858 1828 869 1861 ⁴
880 1824 992 1894 terrue'
1007 1827 1138 1892 nomine
1147 1828 1256 1908 regio·

166 1946 240 1990 nem
255 1927 483 1998 intellexerint,
509 1946 650 2009 quorum
670 1929 704 1991 in
727 1945 861 2012 numero
879 1945 954 1992 curn
970 1925 1088 1994 Cicero
1111 1927 1169 2004 eit,
1183 1930 1255 2013 ejus

166 2029 228 2092 hoc
250 2029 326 2092 loco
351 2030 551 2094 auctoritate
575 2035 831 2107 contentusero,
849 2047 908 2111 pro
927 2027 1089 2111 Pompeio
1111 2030 1256 2096 scriben-

166 2129 221 2206 tis,
253 2133 264 2162 ‘
288 2127 501 2194 Mithridates
522 2149 588 2193 nou
607 2129 670 2193 fuit
691 2147 732 2194 eo
754 2135 938 2205 contentus,
960 2129 1051 2210 quod
1072 2131 1104 2193 ei
1136 2138 1256 2212 praeter

167 2226 612 2312 spemaccideratutillam,
624 2229 1185 2311 posteaqucmpolsusernt,terram
1197 2249 1255 2294 uu-

166 2348 266 2412 quem
277 2328 483 2410 attingeretr'
497 2330 571 2395 etin
582 2347 683 2411 opere
692 2329 733 2394 de
745 2329 955 2398 Inventione:
969 2333 980 2362 ‘
994 2330 1033 2396 lu
1043 2335 1130 2394 terra
1140 2329 1256 2400 hostili

167 2430 308 2512 turpiter
326 2428 434 2510 jacuit
453 2427 665 2512 insepultus.'
708 2427 826 2512 Itaque
840 2431 1008 2498 communi
1021 2432 1153 2496 nomine
1166 2435 1183 2498 ,‘
1193 2436 1256 2496 ter·

140 2545 144 2554 ’
167 2529 414 2604 ra’sumtanou
430 2529 537 2594 solum
548 2530 664 2594 orbem
679 2529 1021 2612 terrarumsignilicat,
1034 2532 1256 2598 verumetiam

167 2632 346 2712 regionem,
362 2637 399 2694 ut
420 2629 553 2694 Italiam
568 2629 881 2706 Verroueauotore,
900 2631 955 2696 vol
976 2649 1018 2695 eo
1034 2631 1110 2712 ipso
1123 2632 1156 2694 iu
1169 2632 1256 2707 loco,

170 2752 216 2814 qu
226 2731 416 2797 indducitnr
429 2750 450 2794 a
465 2729 617 2794 Pantheo
631 2728 673 2793 de
691 2729 783 2794 orbis
804 2732 962 2794 terrarum
985 2729 1182 2813 significatu,
1197 2729 1257 2796 ubi

169 2831 355 2898 Pantheum
377 2832 412 2895 iu
436 2829 633 2896 adducendo
655 2830 805 2910 Varrone
821 2829 920 2911 culpa
935 2848 1046 2894 carere
1062 2839 1185 2922 praeter
1204 2849 1256 2896 rue

169 2932 841 2998 aliusuemoiortasseexistimaturusest.
865 2927 1257 3013 Ceusacurpreeteritum

168 3039 257 3098 esset
273 3053 296 3098 a
316 3033 470 3098 Pentheo
492 3033 683 3114 exemplum
706 3031 838 3096 ‘Italiae
863 3031 976 3097 terroe’
997 3033 1033 3097 iu
1054 3029 1256 3114 explicando

169 3135 336 3200 communi
351 3132 537 3214 significatu
552 3132 676 3208 extitit,
698 3139 737 3194 ut
758 3130 938 3196 conficeret
953 3139 1077 3214 preter
1092 3133 1182 3198 orbis
1195 3139 1259 3198 ter·

169 3253 278 3300 rarum
303 3232 586 3315 sipiificatiouem,
609 3251 684 3316 quse
709 3250 730 3295 a
753 3231 867 3296 Plinio
892 3233 935 3302 iu¹
951 3232 1053 3297 verbo
1074 3239 1258 3298 ‘conterre-

168 3333 285 3402 nenm'
300 3333 443 3414 intelligi
457 3352 524 3397 nou
538 3334 659 3416 potuit,
673 3333 795 3398 nullam
811 3334 912 3398 aliam
922 3340 1053 3410 extare,
1065 3352 1110 3399 ex
1124 3352 1193 3417 qua
1206 3353 1258 3404 re-

170 3437 301 3520 gionem
318 3434 465 3499 Plinium
479 3434 684 3499 intellexisse
705 3435 883 3518 quisquam
906 3435 1123 3515 argumentari
1138 3435 1257 3516 possit.

169 3537 242 3618 Ego
255 3553 334 3600 vero
355 3535 470 3598 malim
484 3532 652 3598 desiderio
675 3540 711 3600 et
733 3534 850 3601 ardore
872 3534 1045 3598 incensum
1060 3534 1259 3600 Veronensis

170 3637 277 3702 Plinii
291 3633 437 3701 faciendi
453 3636 681 3700 caecutientem
697 3633 881 3700 Pantheum
895 3636 1082 3718 exemplum
1105 3635 1258 3712 ‘Italiae'

169 3738 305 3822 perinde
327 3756 368 3802 ac
388 3755 454 3800 nou
475 3738 645 3820 scriptum,
665 3737 877 3818 praeteriisse,
899 3754 920 3798 a
939 3755 1006 3818 quo
1021 3738 1124 3804 verbo
1141 3756 1259 3801 secuu-

170 3840 250 3908 dum
261 3839 352 3904 hauc
361 3836 636 3918 significationem
649 3839 803 3919 accepto,
813 3835 949 3905 militari
959 3837 1100 3919 quadam
1113 3837 1258 3913 licentia,

170 3942 317 4023 legiones
338 3939 373 4004 iu
401 3935 521 4004 castris
546 3932 829 4001 ‘conterraneum'
856 3935 1044 4002 derivnuot
1068 3935 1112 4000 ad
1137 3935 1260 4003 milites

172 4042 377 4110 diversarum
389 4023 634 4122 provinciarum
649 4035 909 4118 distinguendos.
954 4035 1053 4126 Quod
1078 4035 1260 4118 intelligens

174 4143 309 4212 Plinius
330 4138 487 4222 subjicit„
500 4143 510 4172 ‘
522 4136 688 4223 Agnoscis
707 4139 771 4202 hoc
785 4138 922 4230 verbum
942 4135 1147 4206 cestreneel'
1170 4137 1261 4210 scili·

237 4257 323 4321 nent.
335 4262 358 4306 et
373 4257 431 4303 Vur.
443 4255 507 4304 Cios.
679 4229 791 4303 Plinius-¹
1175 4253 1197 4300 E
