3016 4876
216 361 260 428 30
555 379 604 426 nn
626 379 660 427 c.
679 369 802 426 *enixu
827 379 965 426 narnis

218 521 364 593 omnium
376 521 593 584 consensione
606 539 661 584 me
676 521 810 601 penitus
822 519 1054 595 subtraxerim,
1062 519 1141 582 mibi
1155 523 1211 582 aut
1222 518 1298 601 plus

219 623 418 685 assumsisse
431 621 554 697 videar,
570 640 670 703 qnam
692 620 818 696 deceat,
833 631 891 684 aut
906 640 1005 704 quam
1021 619 1199 684 debueram
1214 638 1302 682 arro·

220 740 329 802 gesse,
345 727 379 786 et
392 741 561 788 sermones
585 741 625 786 ea
647 721 688 784 de
705 739 739 784 re
756 722 865 786 minos
886 721 1119 786 commodosa
1141 719 1236 786 vobis
1251 721 1302 783 in·

219 842 358 898 curram,
368 830 425 887 aut
437 823 550 905 potius
560 825 695 886 subeam
705 823 886 902 graviorem
895 823 1194 906 reprehensionem,
1203 822 1302 903 quasi

219 923 254 986 in
270 943 310 986 eo
325 923 404 986 mihi
419 924 591 987 consilium
609 923 760 1000 desuerit,
775 922 808 986 in
822 923 887 987 boc
903 924 1045 988 consilio
1064 923 1156 999 nihil,
1177 921 1304 985 temeri-

220 1030 289 1088 tate
305 1045 357 1088 me
371 1026 544 1108 plurimum
561 1044 662 1107 posse
677 1030 791 1088 notum
807 1022 953 1087 fecerim.
999 1024 1088 1088 Nam
1110 1024 1197 1107 quod
1220 1023 1305 1085 anti-

222 1145 310 1209 quos
324 1128 530 1207 interpretes,
543 1126 745 1208 quicumque
760 1125 961 1189 celebriores
972 1125 1074 1189 babiti
1088 1131 1176 1201 sunt,
1187 1124 1229 1186 de
1245 1141 1304 1205 pa-

221 1228 286 1291 tria
300 1245 423 1303 eorum,
439 1245 522 1309 quos
537 1227 601 1288 sibi
615 1225 656 1288 ad
672 1226 889 1308 explicandos
901 1229 1168 1308 proposuissent,
1180 1223 1306 1306 aliquid

106 1313 115 1330 ⁰
189 1313 194 1326 ’
221 1328 314 1409 prius
344 1327 556 1392 constituisse
588 1327 862 1402 observarissem,
886 1326 1086 1392 admonebar
1115 1327 1308 1407 praeclarum

223 1433 388 1493 tantorum
403 1429 550 1493 virorum
565 1428 756 1510 exemplum
773 1428 844 1490 sine
855 1446 930 1490 mea
941 1428 1054 1509 aliqua
1068 1427 1167 1509 culpa
1177 1426 1306 1506 neglec-

224 1539 293 1594 tum
308 1531 349 1594 iri
364 1549 429 1594 non
444 1547 561 1611 posse;
586 1529 675 1611 quod
693 1530 722 1592 si
738 1528 873 1592 fuissem
893 1529 1051 1602 imitatus,
1066 1528 1307 1592 contentionem

224 1632 390 1716 quandam
419 1633 502 1695 inter
528 1630 802 1694 Novocomensee
828 1649 920 1693 meos
948 1637 982 1694 et
1005 1629 1215 1694 Veronenses
1241 1645 1307 1690 non

224 1733 404 1797 excitatam
428 1733 542 1808 modo,
558 1731 785 1794 verumetiam
806 1731 928 1794 multos
948 1749 1051 1794 annos
1072 1730 1207 1811 scriptis
1230 1747 1310 1794 exa-

224 1831 361 1914 gitatum
377 1832 544 1907 videbam,
558 1836 616 1896 ant
637 1833 708 1895 sine
730 1833 853 1894 civium
871 1851 1022 1895 ‘meorum
1044 1831 1224 1896 offensione
1245 1849 1310 1892 non

224 1951 323 2016 posse
337 1933 557 2009 dissimulare,
581 1933 631 1998 vel
644 1933 717 1996 sine
731 1934 825 2016 gravi
839 1933 1085 2015 reprehensione
1101 1941 1222 2012 praeter
1237 1931 1310 2013 opi-

224 2032 356 2096 nionem
371 2041 513 2098 vestram
531 2043 565 2098 et
580 2052 789 2098 communem
815 2040 865 2096 tot
883 2035 1136 2098 lectissimonrm
1148 2033 1309 2116 juvenum

226 2135 494 2214 expectationem
508 2136 680 2217 attingere.
725 2135 762 2198 Si
778 2154 858 2198 vero
873 2134 916 2198 de
932 2145 1044 2211 aetate,
1059 2153 1125 2215 qua
1139 2134 1313 2198 Dioscori-

225 2232 284 2297 des
295 2233 474 2311 dornisset,
491 2237 645 2316 egissem,
662 2255 738 2299 cnm
753 2255 816 2298 vos
831 2234 1005 2299 consilinm
1016 2253 1122 2298 meum
1134 2234 1312 2298 denriratos

225 2334 290 2397 hoc
304 2335 383 2397 mihi
396 2336 499 2398 luisse
515 2338 735 2418 propositum,
751 2336 792 2400 de
808 2354 877 2418 quo
890 2334 1044 2410 dicerem,
1059 2354 1134 2398 esse
1148 2335 1314 2400 inficiatu-

225 2451 294 2511 ros,
310 2441 380 2498 tum
394 2435 457 2500 hos
469 2434 710 2513 adolescentes,
725 2455 811 2518 qnos
824 2434 922 2500 video
933 2435 1124 2518 frequentes
1139 2435 1315 2499 convenis·

227 2554 276 2613 se,
290 2535 332 2598 de
351 2535 556 2612 Dioscorida,
573 2535 707 2617 qnando
723 2537 858 2613 vixerit,
882 2556 919 2599 se
942 2555 1006 2600 non
1031 2537 1163 2600 venisse
1183 2536 1314 2600 auditu-

227 2653 296 2712 ros,
311 2635 369 2699 sed
384 2636 463 2719 quid
480 2637 522 2700 de
535 2636 639 2699 Plinii
655 2636 806 2701 Materiae
824 2637 970 2702 Medicas
982 2637 1136 2701 Historia
1148 2638 1212 2700 sibi
1228 2656 1248 2700 a
1263 2656 1315 2700 me

227 2738 269 2802 de
285 2737 457 2819 superiore
472 2737 535 2801 boc
550 2736 628 2800 loco
641 2738 864 2820 explicaretur
879 2738 1002 2821 pedum
1017 2737 1238 2824 supplosione
1250 2739 1315 2818 sig·

227 2837 432 2902 nificaturos.
477 2837 778 2902 verumenimvero
796 2839 860 2902 boc
875 2838 1040 2920 ejusmodi
1060 2857 1136 2901 esse
1155 2838 1315 2918 intellige-
1428 2883 1431 2890 .

227 2937 319 3012 ham,
335 2940 426 3020 quod
445 2958 555 3020 nequa
579 2940 651 3003 sine
671 2939 890 3004 diminutione
908 2940 1167 3003 existimationis
1183 2947 1316 3005 vestrae,

229 3058 307 3121 quae
321 3041 468 3104 maxima
483 3045 545 3116 est,
560 3041 705 3116 reticeri,
715 3059 821 3122 neque
833 3041 906 3105 sine
922 3059 1018 3114 meae,
1035 3041 1064 3103 si
1084 3049 1230 3122 quaest,
1242 3039 1316 3122 jac·

229 3146 306 3204 tura
330 3139 533 3203 dissimulari
558 3147 684 3222 posset.
728 3141 829 3219 Quod
855 3143 942 3205 enim
965 3152 1179 3224 pervagatum
1201 3148 1262 3217 est,
1284 3151 1317 3206 et

230 3239 365 3326 quidem
385 3240 545 3324 jamdiu,
570 3241 716 3306 Plinium
738 3263 782 3306 ex
802 3241 1000 3308 Dioscorida
1025 3243 1182 3324 pleraque
1205 3241 1318 3306 omnia

229 3340 272 3406 de
286 3342 425 3405 materia
439 3341 571 3406 medica
586 3362 606 3404 a
621 3361 658 3406 se
674 3343 808 3425 scriptis
822 3345 1016 3422 consignata
1035 3344 1267 3425 exscripsisse,
1282 3341 1317 3404 id

229 3460 291 3525 pro
306 3444 475 3506 constanti
485 3441 555 3525 janr
574 3451 754 3526 receptum,
769 3452 804 3507 et
819 3444 985 3507 communi
1008 3445 1218 3508 scribentium
1239 3463 1318 3512 con·

230 3561 331 3607 sensu
359 3542 610 3624 quodammodo
640 3545 808 3608 sancitum
837 3543 959 3621 effecit,
989 3564 1063 3608 cum
1092 3545 1127 3607 in
1149 3545 1317 3609 nonnullis

231 3642 466 3708 aDioscoride
485 3643 631 3708 Plinium
654 3644 825 3709 dissentire
843 3643 995 3710 Materiae
1013 3646 1162 3710 Medicas
1178 3646 1318 3710 studiosi

230 3743 510 3820 observauissent,
524 3751 563 3808 ut
577 3743 653 3808 sorti
669 3746 776 3818 simul,
790 3752 825 3808 et
839 3745 981 3810 inscitiae
1003 3747 1112 3829 ipsum
1129 3766 1193 3812 non
1209 3748 1316 3810 solum

230 3861 401 3917 accusare,
414 3863 528 3907 verum
542 3847 641 3910 etiam
655 3847 783 3910 indicta
799 3865 903 3912 causa
917 3847 1134 3912 condemnare
1145 3867 1210 3911 uon
1225 3865 1318 3909 vere·

229 3951 361 4022 rontur3
384 3945 433 4008 ita
448 3963 510 4010 vos
525 3945 669 4029 quidem,
681 3947 813 4022 Patres,
827 3950 861 4011 in
877 3947 1053 4029 deligendo
1064 3955 1209 4023 auctore,
1221 3963 1316 4029 quent

229 4043 263 4109 in
275 4044 339 4109 boc
351 4045 514 4128 frequenti
530 4048 742 4128 ingenuorum
758 4046 1016 4112 adolescentium
1031 4065 1196 4110 concursu
1217 4047 1317 4110 inter-

230 4150 390 4226 pretarer,
415 4147 576 4212 rationem
600 4147 634 4210 in
666 4147 846 4212 consilinm
876 4148 1098 4230 negligentius
1123 4147 1317 4214 adhibuisse
