3056 4878
265 363 330 432 ssu
630 379 663 428 o.
687 379 804 428 rnrrrrr
830 380 994 430 suouunr

267 519 390 585 Porcio
415 537 504 586 ooss.
525 527 560 586 et
582 539 674 604 saepo
696 522 802 588 alias:
833 524 921 588 siout
943 530 1063 600 corne,e
1088 523 1128 588 P.
1142 522 1355 602 Volumnio,⁴

266 620 384 684 Servio
400 619 553 704 Sulpicio
566 641 657 687 ooss.
667 641 775 705 exque
789 643 830 688 ea
843 643 908 688 non
923 625 1102 706 putruisse,
1118 625 1210 708 qnod
1225 643 1294 690 non
1307 627 1359 689 di-

266 721 442 802 ripuissent
457 739 548 786 ares.
593 721 679 786 Item
694 722 778 789 ferro
792 727 826 790 in
842 725 1002 802 Lucanis,
1019 744 1105 788 anno
1119 735 1292 808 antequam
1307 725 1358 788 Μ.

267 819 409 884 Crassus
424 839 445 886 a
460 820 796 890 Parthis-interemtus
810 831 872 902 ost,
887 843 1068 906 omnesque
1084 845 1159 890 cum
1171 845 1212 890 eo
1224 825 1355 890 Lucani
1407 831 1412 838 “

267 919 402 997 milites,
425 941 567 1006 qnorum
592 943 728 1006 maguus
741 943 899 988 numerus
922 924 957 987 in
980 925 1127 988 exercitu
1153 931 1232 988 erut.
1278 924 1360 990 Effi-

164 1053 170 1063 ·
268 1019 351 1102 gies,
366 1040 443 1104 quea
464 1023 574 1106 pluit:
597 1022 810 1106 spongiarum
839 1023 909 1088 fero
933 1023 1051 1088 similis
1077 1023 1158 1088 luite
1185 1027 1360 1108 aruspices

267 1132 533 1203 praemonuerunt
547 1141 692 1206 superna
708 1124 853 1188 vulnera.
875 1123 914 1186 1..
931 1132 1045 1187 autern
1062 1123 1199 1201 Paulo,·
1214 1123 1256 1188 C.
1266 1124 1358 1190 Mer·

269 1221 354 1285 oello
370 1241 459 1286 ooss.
481 1224 558 1288 lana
576 1219 681 1307 pluit‘
703 1213 793 1288 circe
814 1224 988 1288 castelium
1011 1223 1241 1302 Carissanum,
1257 1224 1361 1308 juxta

269 1320 361 1403 quod
376 1332 454 1404 post
475 1343 596 1388 annum
618 1324 660 1388 T.
681 1323 813 1390 Annius
836 1325 943 1390 Milo·
966 1327 1102 1391 occisus
1128 1332 1188 1391 est.
1232 1326 1360 1392 Eodem

270 1439 406 1487 causum
423 1423 554 1491 dicente
568 1426 728 1490 lateribus
740 1425 870 1490 coctisl
885 1427 1025 1511 pluisse,
1040 1428 1073 1492 in
1087 1427 1161 1512 ejus
1177 1428 1255 1492 unni
1267 1433 1361 1494 neres

270 1522 410 1587 rolatum
425 1533 487 1590 est.

727 1693 908 1716 HOMO&

267 1799 484 1875 perputruisse-8
500 1801 542 1878 Its
560 1795 645 1853 curn.
666 1804 760 1868 aliique
778 1807 854 1858 codd.
873 1821 887 1856 a
909 1835 916 1852 .
934 1805 1061 1856 llarduin.
1077 1806 1139 1882 itero
1155 1804 1215 1853 edd.
1233 1803 1363 1880 ilsrduiq.

273 1867 296 1909 l.
308 1866 332 1910 a.
344 1865 369 1909 8.
386 1863 483 1914 Miller.
498 1865 604 1928 Brpout.
622 1875 648 1916 et
664 1868 755 1918 Fraus.
795 1875 862 1919 serat
881 1821 956 1922 funt.
973 1869 1034 1920 nid.
1052 1869 1131 1946 Beni.
1148 1868 1233 1931 Lugd.
1252 1869 1363 1930 Erasmr,

272 1923 376 2000 Franks.
389 1927 470 1990 Leyd.
482 1927 574 1978 Dsleo.
586 1929 670 1992 Luqd.
683 1937 754 2006 loon.
791 1936 822 1982 ts.
834 1942 862 1983 et
871 1933 983 1984 Gronov.
1002 1934 1076 1996 Mos,
1088 1948 1112 1982 rn
1122 1933 1210 1982 rtsdem
1222 1932 1282 1981 edd.
1293 1947 1362 1980 ms·

269 1991 1363 2126 {ignitultut'tttitibtltllinduitintuittuditani:

273 2113 343 2190 doru.
357 2119 379 2165 1.
390 2121 414 2168 2.
425 2121 450 2166 8.
462 2118 557 2169 Miller.
576 2123 682 2186 Bipout.
697 2131 725 2173 et
739 2126 833 2175 Fraus.
851 2125 933 2175 Paulo
953 2133 1022 2188 post,
1037 2139 1124 2200 ursuni
1142 2138 1192 2174 uon
1207 2123 1318 2174 babetur
1336 2123 1364 2172 irs

273 2177 406 2231 curm-s
423 2182 487 2234 Var.
497 2185 559 2235 leet.
571 2199 611 2250 ap.
624 2187 713 2238 neree.
725 2189 915 2240 estimoniis
924 2195 978 2238 sets
987 2189 1038 2252 ejas
1046 2204 1112 2239 snas.

763 2333 870 2384 Nove*

271 2443 454 2498 excernuntur,
475 2451 558 2488 reruru
580 2441 678 2494 colores
695 2455 798 2507 eruere,
837 2459 869 2494 es
882 2445 972 2495 Fastis.

270 2516 297 2559 et
325 2509 384 2560 dum
419 2512 445 2562 in
472 2513 595 2578 liquorem
620 2523 797 2578 concrescunt,
868 2521 920 2570 el..
928 2526 1005 2570 astera
1014 2519 1100 2584 Poste]
1110 2519 1227 2570 Aunoll.
1235 2519 1264 2570 C.
1273 2532 1364 2571 nourr.

271 2597 379 2647 squeurn
392 2585 517 2636 duntaxat
527 2589 659 2640 exhibere.
684 2591 795 2641 Gasseu·
836 2595 897 2644 itern
909 2609 941 2643 es
955 2594 1047 2644 Fastis.

271 2658 319 2706 dus
331 2660 355 2707 ln
372 2660 416 2708 lib.
434 2674 460 2710 x.
473 2663 579 2728 Labrtii,
591 2679 651 2728 paq.
663 2671 720 2717 998.
732 2674 759 2717 et
771 2669 797 2718 in
868 2669 877 2704 ¹
891 2671 960 2719 Lero
974 2669 1047 2734 plait]
1064 2668 1153 2718 Simile
1167 2666 1287 2732 estquod
1300 2667 1362 2716 iiie·

270 2733 797 2798 ritePetronii,estsrtnarnreeutssssu·
837 2761 956 2810 ronymns
979 2743 1060 2794 refert
1082 2745 1107 2793 in
1129 2743 1223 2793 chron.
1245 2758 1288 2794 sn.
1307 2747 1363 2792 toti.

270 2808 375 2870 puluere
397 2811 524 2874 lapidibus
546 2815 735 2882 parietibusque
752 2819 797 2867 sd·
835 2820 932 2884 ‘Apud
944 2819 1082 2870 Atrebates
1094 2820 1152 2868 iana
1163 2834 1177 2868 e
1189 2819 1256 2868 coeio
1269 2819 1362 2881 plurire

272 2885 450 2950 introruentes,
465 2905 497 2938 ex
510 2891 593 2941 erucis
611 2893 683 2954 oriri,
694 2895 752 2943 dum
771 2895 797 2944 iu
836 2900 918 2945 mista
929 2894 1055 2945 deduxit!
1083 2894 1158 2944 liano
1169 2895 1241 2944 siunt
1252 2893 1362 2944 Atreba-

271 2962 414 3024 papilioues
433 2965 539 3027 abeunt,
557 2974 585 3017 et
598 2970 678 3032 spoils
690 2978 798 3033 exuunt,
836 2979 922 3020 tenses
934 2971 959 3020 in
972 2984 1069 3020 summa
1085 2969 1221 3018 sterilitate
1234 2981 1362 3032 agrorum,

271 3047 355 3097 neque
367 3050 381 3084 e
393 3039 458 3085 ereio
469 3039 598 3092 decidere.
836 3046 974 3110 inopiaque
992 3044 1129 3110 frugume
1145 3045 1212 3094 coeio
1228 3044 1363 3098 decidisse,

302 3109 381 3160 ΠΨ.
397 3111 486 3177 Acilio]
515 3117 556 3165 De
582 3117 621 3166 bis
644 3119 796 3170 Consulibus
836 3119 1144 3170 aeterrssi'recuudesse.
1171 3119 1362 3168 Mennambnie

272 3185 446 3252 dirissimas.
836 3197 1008 3244 lauaenomeu
1025 3193 1162 3244 dederuut.
1195 3193 1284 3243 Durat
1296 3191 1363 3256 apud

303 3261 390 3314 cdicrst
397 3267 477 3330 curse]
485 3269 552 3318 Vide
564 3270 645 3319 Notas
653 3273 797 3323 etllmeud.
837 3271 1021 3334 eoslrodieqne
1039 3269 1158 3320 beneficii
1175 3269 1251 3334 hujus
1268 3284 1362 3319 merno-

271 3344 391 3390 nunr.ti⁰.
413 3342 556 3406 Fungosum
569 3347 797 3410 quiddam,etesr·
838 3349 877 3398 ris
899 3347 1042 3412 gratiaque,
1058 3343 1127 3394 fests
1145 3344 1299 3394 celebritate
1320 3359 1363 3394 au·

271 3414 297 3462 ui
310 3413 392 3463 simile
409 3417 435 3465 id
454 3417 533 3468 inisse
550 3421 661 3484 ridetur,
676 3425 743 3488 quod
755 3439 798 3474 ee·
839 3438 898 3473 nus.

272 3487 366 3537 cidisse
378 3496 431 3539 trrm
443 3491 546 3544 dieitur.
572 3495 799 3562 Plnissesiiqusn·
871 3499 928 3546 [Τ.
945 3495 1038 3546 Assius
1055 3493 1127 3557 Milo]
1142 3492 1212 3543 Vide
1232 3493 1315 3544 Notas
1334 3501 1363 3545 et

271 3562 305 3611 do
326 3564 415 3625 ritulo,
434 3573 462 3614 ut
481 3567 512 3616 ab
524 3569 657 3620 Aricenue
673 3572 798 3636 scripturn
837 3574 1075 3624 Eruendnurntl.

272 3651 424 3704 memorant,
453 3645 526 3694 nimis
551 3661 625 3710 quarn
653 3647 798 3698 fabulosum
869 3644 1119 3708 transumere]
1135 3645 1220 3694 Etiam
1235 3644 1309 3693 testis
1327 3644 1365 3694 in·

273 3723 321 3762 est.
353 3717 520 3768 Tolerabilius
539 3721 607 3784 quod
622 3723 697 3787 vulgo
714 3725 799 3774 oredi-
838 3724 918 3788 tegris
939 3723 1034 3787 pluisse
1055 3723 1084 3771 t..
1095 3721 1207 3782 Marcio,
1222 3719 1283 3768 Sex.
1294 3720 1364 3770 Julio

273 3797 324 3853 tur,
340 3789 373 3840 de
393 3808 508 3844 ranarum
520 3797 623 3859 pluvia:
640 3813 698 3848 curu
711 3805 797 3850 tauron
837 3801 911 3850 Coss.
931 3803 1022 3848 surtor
1038 3806 1078 3845 est
1096 3795 1182 3846 Julius
1196 3795 1295 3859 Obseq.
1306 3809 1365 3859 esp.

272 3881 317 3916 ens
340 3867 366 3916 in
384 3869 444 3918 stira
463 3871 540 3935 gigni,
558 3887 588 3923 ae
605 3875 700 3936 pluvie
719 3877 798 3926 instar
839 3880 894 3926 tlt.
916 3879 992 3939 pot.
1026 3875 1104 3922 Forte
1123 3872 1189 3930 true,
1204 3871 1308 3921 aliunde
1327 3884 1367 3918 ar·

271 3943 403 4008 deridere,
427 3961 509 4010 neque
526 3959 643 4000 auctores
661 3953 745 4002 idonei
769 3962 796 4004 et
838 3958 913 4014 repre
926 3949 1096 4006 turbine,alio
1108 3946 1270 3995 deciderunt.
1287 3947 1366 3998 Forte

272 4019 367 4068 oculati
388 4019 503 4085 tradant,
524 4036 609 4088 neque
636 4026 719 4076 simile
740 4029 796 4078 reri
838 4028 863 4075 si
881 4027 945 4089 ignis
963 4039 977 4072 e
996 4033 1065 4074 terra
1081 4029 1246 4085 erumpente,
1257 4023 1367 4085 propelli

274 4091 315 4140 sit.
836 4101 898 4150 inde
908 4100 1015 4164 lapidea,
1030 4098 1175 4160 lateresqne
1194 4098 1319 4153 errretari,
1335 4111 1368 4148 ac

305 4165 360 4218 11Ρ.
372 4169 504 4235 Votsrsrsis]
515 4172 588 4222 Anno
598 4175 631 4226 U.
643 4176 672 4227 C.
683 4189 796 4228 ccxcrrr.
837 4177 928 4240 projici
946 4173 1092 4237 longissime
1108 4177 1258 4235 potuerunt.
1294 4171 1368 4223 Pras·
