3016 4876
443 399 576 447 nncrro
601 401 625 447 1.
650 399 765 448 nsunt
790 399 974 448 urcnmnr.
1208 383 1252 462 63

165 539 336 622 professus
352 547 412 604 est.
458 541 544 604 Fere
560 543 655 606 euim·
669 542 715 606 de
725 549 816 606 recta
830 542 892 607 vie·
906 538 1161 623 digredientium
1174 558 1252 622 pro·

164 643 272 721 prium
287 649 350 718 est,
366 648 405 704 ut
420 660 519 705 unam
532 661 600 706 oon
615 647 767 721 teneant3
790 641 861 719 sed,
876 649 913 704 ut
932 641 996 705 sibi
1017 641 1162 724 quisque
1181 660 1251 705 me-

163 741 301 804 lioribus
323 743 385 806 niti
409 741 607 825 conjecturis
631 744 843 824 persuaserit,
864 741 1015 807 diverses
1037 742 1249 822 ingrediatur,

162 851 197 904 et
219 842 360 924 longius⁸
382 843 519 907 aberret.
563 842 757 906 Modestius
785 845 851 924 egit
881 861 955 906 cum
976 841 1018 905 D.
1049 841 1251 925 Hieronymo

163 942 349 1022 Puntbeus;
364 962 439 1006 enm
453 943 539 1008 enim
551 944 739 1020 excusavit,
755 942 812 1008 sed
824 944 884 1020 ite,
898 949 935 1008 nt
943 942 985 1006 de
996 941 1119 1020 Plinio,
1130 941 1252 1028 Ennio,

161 1052 196 1106 et
211 1041 331 1108 Persio
345 1043 439 1126 prius
455 1044 674 1118 accusaverit,
689 1051 725 1106 et
744 1044 867 1108 vulnus
882 1043 1021 1108 linxisse
1035 1042 1179 1121 ridetur,
1194 1045 1249 1108 cui

161 1143 225 1210 boc
238 1146 372 1208 nomine
387 1145 585 1221 mederetur,
595 1145 687 1226 qnod
704 1144 913 1226 purioribus
928 1143 1047 1210 studiis
1063 1149 1165 1228 atque
1180 1143 1251 1208 offi-

160 1246 222 1308 ciis
235 1245 416 1326 impeditus
430 1245 733 1327 interpretationem
747 1245 942 1322 notario,.se
956 1251 1051 1322 teste,
1069 1245 1250 1310 tumultua-

160 1347 206 1411 rie
220 1346 265 1409 Ι).
282 1345 510 1431 Hieronymus
524 1346 711 1424 dictaverit,
721 1347 780 1429 qui
793 1352 904 1410 tumen
919 1347 1146 1412 'velocissime
1158 1345 1167 1375 '
1181 1367 1249 1412 non
1341 1385 1344 1394 ·

159 1453 291 1524 temere,
311 1467 378 1511 non
393 1448 606 1530 negligenter,
619 1454 678 1512 ant
689 1447 930 1513 inconsiderate
944 1448 1049 1513 dixit:
1071 1449 1249 1532 praestitis-

159 1553 210 1612 set
236 1548 323 1612 enim
349 1549 648 1631 interpretationem
675 1568 739 1613 noo
763 1549 926 1630 attigisse,
946 1567 1046 1632 quam
1063 1554 1119 1614 eut
1136 1551 1247 1616 minus

159 1649 325 1731 occupato
341 1667 453 1712 ansam
466 1650 682 1715 accuratioris
694 1649 857 1714 versionis
872 1649 1099 1733 praeripuisse,
1112 1653 1170 1714 aut
1179 1651 1248 1714 leo-

159 1751 219 1824 tori
242 1751 361 1814 erroris
386 1751 598 1816 occasionem
624 1751 818 1834 prtebuisse.
862 1751 984 1816 Dicam
1007 1751 1098 1834 quod
1127 1751 1248 1828 sentio,

156 1867 277 1914 nomen
292 1848 564 1932 ‘occupationis’
586 1859 739 1916 nontam
754 1851 962 1934 probabilem
976 1852 1242 1926 excusationem,

157 1969 257 2033 quam
267 1951 423 2014 latentem
435 1951 695 2029 accusationem,
705 1951 894 2034 significare
905 1952 1049 2030 videtur,
1059 1953 1246 2034 ineoprse·

156 2050 278 2127 sertim,
296 2051 353 2133 qui
375 2069 444 2116 noo
465 2058 616 2129 coactus,
638 2051 698 2116 sed
713 2058 845 2136 sponte,
859 2057 894 2117 et
906 2053 993 2118 ultro
1006 2052 1093 2117 banc
1110 2072 1245 2136 opernm

156 2167 335 2231 aggressus
349 2157 403 2215 est
417 2151 555 2216 Eusebii
570 2151 737 2217 Historia
757 2154 887 2218 Latinae
902 2152 1077 2218 iaciendos.
1120 2154 1189 2218 Sed
1204 2172 1246 2218 ne

155 2251 385 2316 excusationis
395 2252 530 2334 quidem
540 2252 603 2317 luit
617 2254 686 2317 nlla
698 2255 892 2330 necessitas,
906 2254 1043 2318 occasio
1054 2253 1131 2318 ulla.
1154 2251 1246 2316 Num

154 2351 184 2414 si
205 2350 279 2416 boec
302 2350 441 2415 Eusebii
461 2359 550 2429 sunt,
568 2371 694 2418 memor
715 2353 847 2418 consilii
870 2353 934 2430 soi,
949 2360 983 2418 et
997 2354 1062 2418 sibi
1076 2354 1122 2418 ab
1135 2354 1247 2436 operis

154 2451 251 2516 initio
265 2453 429 2534 propositi
444 2453 595 2529 instituti,
612 2455 656 2518 D.
669 2453 896 2538 Hieronymus
910 2453 1053 2518 fideliter
1065 2473 1107 2520 ea
1121 2449 1246 2519 Latina

153 2551 244 2628 lecit,
258 2569 334 2634 queo
350 2553 392 2618 de
413 2552 536 2629 Plinio,
550 2553 685 2631 Persio,
700 2560 733 2618 et
744 2555 850 2618 Ennio
865 2553 1035 2620 Eusebius
1047 2555 1244 2638 scripserat:

152 2650 273 2717 Graeco
287 2655 386 2730 enim,
403 2659 441 2718 ut
456 2673 535 2718 mox
552 2655 675 2732 dicam,
691 2655 885 2720 fidelissime
901 2654 1088 2737 exprimere
1102 2655 1243 2719 curavit.

154 2750 200 2818 At
215 2751 300 2816 laisa
317 2761 429 2818 sunto.
474 2753 641 2838 Interpres
655 2761 718 2827 est,
732 2773 796 2819 non
812 2755 1016 2833 emendator,
1027 2775 1091 2820 nee
1105 2755 1170 2820 sibi
1185 2774 1244 2820 cn·-

151 2871 197 2916 rae
222 2851 288 2916 suit
308 2852 471 2936 inquirere
497 2853 703 2934 diligentius,
725 2861 826 2938 atque
849 2855 894 2918 ad
917 2871 1056 2918 examen
1079 2872 1245 2930 revocare,

151 2971 252 3034 quam
264 2962 355 3018 recte
368 2955 499 3034 singula
510 2955 554 3018 ab
568 2953 715 3020 Eusebio
726 2955 957 3032 scriberentur,
971 2953 1030 3018 sed
1039 2973 1140 3037 quam
1150 2960 1244 3018 recte

151 3071 216 3116 ase
228 3052 349 3117 Latine
357 3053 578 3119 redderentur.
597 3051 700 3132 Quod
713 3055 743 3118 si
754 3053 828 3119 bueo
840 3053 1055 3131 omnialcrte,
1065 3054 1107 3118 de
1120 3053 1243 3137 quibus

150 3155 260 3234 agitur
271 3153 316 3217 D.
331 3151 537 3236 Hieronymi.
549 3172 614 3220 non
628 3153 767 3219 Eusebii
780 3154 913 3231 fuerint,
929 3153 1010 3238 qnid
1020 3152 1189 3218 Eusebius
1200 3153 1243 3218 de

149 3273 190 3316 eo
202 3261 393 3330 accusatur,
407 3253 500 3337 quod
517 3254 716 3319 rescribere
731 3255 866 3337 quidem
883 3255 1104 3336 cogitaveritt
1149 3251 1243 3330 Quid

148 3354 191 3419 ab
201 3371 242 3416 eo
253 3371 365 3435 poenae
374 3359 592 3435 reposcuntur
605 3355 734 3429 erroris,
746 3355 777 3419 si
787 3355 864 3439 quis
873 3360 936 3432 est,
946 3373 967 3418 a
979 3354 1025 3417 D.
1037 3353 1243 3436 Hieronymo

148 3452 334 3529 commissi,
345 3453 402 3535 qui
418 3471 484 3516 non
495 3453 601 3516 solnm
613 3455 814 3537 interpretis,
829 3471 941 3518 rerum
958 3453 1056 3518 etiem
1072 3454 1244 3535 scriptoris

148 3555 181 3617 in
198 3553 263 3622 hoc
277 3571 379 3634 opere
394 3551 505 3617 officio
519 3551 655 3618 functus
666 3556 729 3618 est.
774 3553 978 3618 ‘Sciendum
995 3553 1105 3631 enim,’
1122 3553 1245 3636 inquit,

147 3654 182 3717 in
197 3653 313 3736 operis
329 3651 467 3716 Eusebii
482 3651 691 3735 prelatione,
712 3656 788 3717 ‘me
813 3670 903 3729 esse,
925 3659 961 3717 et
983 3653 1184 3737 interpretis,
1208 3661 1244 3718 et

147 3753 323 3837 scriptoris
338 3771 382 3816 ex
395 3757 489 3836 parte
503 3751 614 3817 officio
624 3771 738 3818 usum:
754 3753 848 3836 quia,
862 3760 897 3818 et
911 3751 1033 3818 Graeca
1047 3752 1243 3818 fidelissime

146 3853 315 3937 expressi,
328 3857 361 3916 et
382 3853 552 3929 nonnulla,
568 3870 646 3937 quae
660 3852 741 3917 mibi
756 3853 946 3918 intermissa
966 3853 1169 3918 videbantur
1183 3851 1244 3916 ad-

141 3955 225 4038 jeci,
243 3955 280 4018 in
299 3951 454 4018 Romana
475 3953 619 4020 maxime
641 3952 809 4031 Historia,
832 3972 933 4036 quam
949 3953 1129 4029 Eusebius,
1143 3951 1244 4033 hujus

145 4053 418 4132 conditor-libri,
449 4071 515 4118 non
538 4060 607 4116 tam
637 4053 822 4134 ignorasse,
847 4057 964 4136 utpote
988 4051 1241 4132 eruditissimus,

145 4175 259 4239 qnam,
284 4160 320 4219 ut
345 4152 467 4254 Gracc
490 4154 665 4243 scribens,·;
676 4173 794 4237 pamm
817 4154 890 4220 suis
911 4153 1137 4228 necessarium
1163 4171 1236 4238 per·
