3006 4874
434 361 567 410 uucrro
592 362 615 408 r.
640 363 962 414 innumerorum.
1198 352 1243 416 95

582 511 814 572 rnn.sciru.

614 625 771 672 cmsuuu

605 711 786 772 svcvsrb.

196 838 289 903 Huic
314 840 502 906 testimonio
522 841 733 924 Tranquillus
756 843 789 905 in
812 841 957 924 Augusti
977 844 1058 910 Vita
1079 847 1243 912 consentit

153 941 301 1004 scribens
328 961 403 1025 cup.
425 943 478 1006 ll.
505 941 698 1018 ‘Fabianis
725 951 760 1006 et
786 942 1043 1026 Scepsiensibus
1068 947 1242 1012 tribulibus

153 1040 223 1104 suis
235 1042 290 1106 die
305 1040 531 1119 Comitiomru,
546 1041 680 1125 nequid
697 1062 718 1106 a
733 1062 900 1126 quoquam
911 1043 1099 1111 candidulo
1110 1037 1243 1112 deside?

153 1151 271 1220 rorent,
296 1145 425 1226 singula
445 1144 552 1207 millio
575 1163 743 1217 nummum
769 1163 791 1208 a
816 1164 854 1208 se
877 1145 1071 1213 dividebat!
1113 1149 1240 1212 Brixiae

155 1241 275 1306 Mincii
298 1242 384 1307 dues
407 1243 529 1307 Tribus
552 1244 731 1309 obtinentis
748 1247 871 1310 mentio
885 1246 1003 1330 legitur
1015 1249 1050 1312 in
1070 1248 1242 1334 Epigram-
1321 1245 1322 1249 ’

155 1349 242 1407 mete
253 1347 392 1428 antiquo
408 1344 497 1428 quod
511 1345 560 1409 itu
570 1345 690 1410 babet:

540 1481 573 1540 o.
599 1479 747 1527 ururcro
772 1482 807 1541 Q.
830 1483 861 1529 r.

614 1581 696 1628 run.
721 1581 800 1627 rou.

464 1721 467 1728 .
550 1743 553 1752 Α
644 1681 783 1731 museo.

162 1856 171 1866 .
200 1800 356 1865 Ceterum
369 1820 435 1865 uon
446 1802 511 1879 boo
525 1801 627 1866 modo
643 1821 688 1866 ex
702 1802 754 1866 bis
770 1810 920 1885 apparet,
936 1821 1011 1866 oum
1028 1803 1059 1867 is
1073 1805 1130 1887 qui
1141 1805 1244 1890 adop-

157 1907 254 1980 taret,
263 1908 297 1966 et
307 1902 365 1984 qui
376 1903 601 1986 adoptaretur,
612 1904 646 1965 in
655 1902 795 1967 diversis
806 1903 974 1967 Tribubus
985 1905 1104 1969 censiti
1118 1914 1243 1984 essent,

159 2002 353 2087 adoptatum
368 2004 454 2068 dues
468 2003 604 2082 Tribus,
619 2005 788 2087 inquibus
804 2004 913 2081 ferret,
936 2005 1141 2086 obtinuisse3
1156 2008 1245 2072 sicut

158 2123 256 2168 unam
272 2124 359 2182 eum,
374 2126 450 2189 quae
465 2106 598 2188 utrique
613 2107 797 2172 communis
811 2110 911 2181 esset,
926 2105 1104 2171 habuisse:
1128 2127 1245 2172 vemm

158 2205 257 2269 etiem
282 2215 455 2290 utrumque
477 2207 631 2290 protinus
656 2225 678 2268 e
700 2213 850 2288 puternae
875 2204 1010 2268 familiae
1032 2207 1162 2270 nomine
1186 2228 1246 2292 per

159 2306 368 2391 adoptionem
381 2309 545 2391 acquisito
562 2308 668 2372 luisse
684 2307 896 2382 collocatum,
909 2307 1053 2388 priorem
1068 2329 1153 2386 eum,
1168 2329 1246 2392 quae

158 2409 323 2492 vetustior
336 2418 438 2486 esset,
462 2410 600 2472 alteram
620 2427 697 2490 quae
719 2407 892 2490 posterior.
937 2405 1026 2470 Num
1042 2408 1078 2471 iu
1093 2407 1247 2490 Augusto

159 2510 330 2592 ‘Sceptiae
349 2507 473 2575 Fabie'
487 2509 669 2592 praesertur,
682 2529 759 2592 qure
768 2509 801 2572 in
814 2527 927 2572 earum
939 2526 1074 2572 numero
1088 2516 1150 2588 est,
1162 2529 1247 2593 ques

160 2611 233 2674 Ser·
250 2609 381 2674 Tullius
403 2609 540 2685 feceret,
565 2628 641 2672 cum
668 2605 847 2692 ‘Scaptia'
860 2609 1019 2690 vigesima
1038 2628 1127 2672 nono
1150 2610 1249 2678 luerit

160 2729 248 2776 enno
265 2711 308 2774 ab
325 2709 370 2775 U.
384 2709 424 2775 C.
441 2724 590 2773 cuxxrr.
607 2717 748 2786 ¹anctore
772 2709 870 2774 Livio
888 2709 948 2773 lib.
964 2725 1047 2772 vrrr.
1074 2709 1188 2776 addita
1202 2709 1248 2775 A.

162 2811 314 2896 Cornelio
339 2828 380 2876 11.
403 2819 439 2874 et
464 2809 524 2874 Cn.
550 2809 703 2875 Domitio
727 2809 828 2874 Coss.
851 2829 917 2874 non
937 2812 1125 2891 negaverim
1139 2816 1249 2876 tumen

162 2913 246 2977 sorte
269 2913 369 2976 etium
388 2911 528 2976 Tribum
549 2911 689 2995 primum
708 2911 799 2976 illem
822 2930 898 2975 esse
918 2911 1130 2988 nominatum,
1150 2931 1251 2993 quem

162 3014 352 3096 adoptionis
370 3011 448 3097 jure
472 3014 552 3096 quis¹
572 3013 713 3096 adeptus
736 3018 836 3090 esset,
859 3020 893 3076 et
912 3031 988 3077 eem
1008 3010 1112 3076 fuisse
1126 3012 1251 3078 Tribus

163 3115 323 3179 rationem
337 3114 497 3192 habitam,
518 3134 595 3197 quae
609 3119 643 3178 et
655 3113 792 3179 familiar
807 3114 1017 3198 adoptantis3
1041 3120 1079 3176 ut
1094 3113 1252 3196 quemad-

164 3215 297 3280 modum
312 3214 463 3294 samiliae,
477 3235 575 3298 quem
594 3220 712 3281 nature
725 3215 881 3290 dedisset,
900 3214 1185 3298 anteponebatur:
1202 3216 1252 3280 sic

164 3315 287 3380 Tribus
308 3336 370 3400 per
391 3317 603 3401 adoptionem
629 3318 795 3400 acquisita
815 3317 944 3393 Tribui,
965 3318 999 3380 iu
1021 3334 1089 3398 qua
1110 3316 1252 3399 quisque

165 3425 264 3482 natus
279 3424 400 3494 esseut,
415 3425 673 3501 praeponeretur,
687 3439 727 3482 ac
750 3417 931 3484 ‘Fabiam’
950 3419 984 3481 in
1002 3415 1155 3499 Augusto
1169 3436 1254 3499 pree·

166 3519 321 3596 cessisse,
336 3538 401 3582 nou
415 3520 496 3602 quia
510 3520 684 3605 vetustior,
699 3520 758 3583 sed
772 3520 855 3602 quie
868 3518 955 3584 Julii
970 3517 1115 3584 cesaris
1129 3519 1253 3584 Tribus

166 3626 267 3708 esset,
282 3621 317 3683 in
332 3618 427 3703 cujus
441 3620 600 3684 familiam
615 3627 650 3683 et
668 3619 807 3684 Tribum
823 3621 998 3702 Augustus
1012 3622 1195 3710 transisset.

210 3720 298 3804 Quae
312 3739 388 3784 curu
400 3722 449 3785 ile
462 3740 500 3786 sc
511 3721 666 3812 habeant
681 3740 725 3786 ex
739 3722 907 3799 omnibus,
922 3721 1012 3806 quod
1025 3722 1193 3806 proprium
1203 3729 1255 3788 est

167 3829 292 3887 uostrae
308 3821 521 3905 quaestionis,
530 3840 617 3884 nunc
629 3822 845 3903 attingemus,
857 3822 1095 3888 concludentes
1107 3821 1255 3886 Plinium

168 3925 335 3990 Seniorem
357 3924 469 4006 petris
489 3941 593 4007 penes
618 3920 801 3987 Pantheum
820 3922 1060 4001 Veronensum,
1084 3922 1255 3987 Juniorem

168 4025 473 4101 Novocomensem,
499 4025 640 4108 priorem
664 4024 700 4086 iu
718 4024 823 4090 'lbibu
846 4022 1009 4090 ‘Publia’
1029 4021 1185 4105 suffragiu
1204 4031 1256 4088 tu-

167 4128 258 4206 lisse,
273 4127 307 4192 in
322 4132 332 4162 ‘
346 4123 541 4192 Oufentiuu'
555 4125 785 4210 posteriorem,
807 4135 910 4211 etque
924 4126 1011 4190 bunc
1027 4125 1139 4207 ipsum
1153 4125 1255 4190 etium
