3006 4874
320 423 324 434 ·
451 405 585 454 nnurro
607 406 647 458 ιι.
672 409 787 458 raunr
811 409 994 460 cruuntur.
1195 399 1261 468 185

170 548 231 624 ire,
246 553 392 630 quaeest,
407 553 466 613 aut
480 554 652 632 utrumque
666 571 711 616 ex
723 551 830 629 tertio,
843 560 1160 637 quamogopartom
1175 555 1260 622 affir-

170 667 329 731 mo,nego
339 651 475 716 alterum
490 652 534 715 ab
547 652 746 736 altero,quae
759 654 904 737 scripsit,
916 661 1182 722 essemutuarum
1195 677 1205 738 3
1220 677 1261 722 ea

169 749 247 830 ipsa
261 751 361 829 euim,
376 753 411 816 lu
426 753 547 836 quibus
559 753 770 832 conueniunt,
786 775 830 819 ex
843 756 1165 840 commuuiqnodam
1182 777 1260 823 auc·

168 857 241 914 tore
264 871 324 916 cur
343 852 512 937 descripta
526 873 601 919 esse
620 875 686 921 non
699 859 872 940 possuntt
918 859 1016 942 Legit
1029 864 1166 942 uterque
1181 857 1261 924 Cra-

168 956 293 1030 terum,
319 952 501 1033 Andream,
522 955 652 1020 lulium
667 956 824 1034 Bassum,
841 957 1045 1034 Petronium,
1061 956 1213 1040 Nigrum,
1226 966 1261 1022 et

168 1052 367 1142 Diodotum,
383 1061 521 1138 uterque
537 1058 727 1134 nominarit,
747 1058 809 1122 sed
831 1059 971 1123 oonsilio
988 1058 1086 1124 valde
1106 1059 1261 1124 dissimili

167 1155 353 1220 nominarit
376 1157 604 1234 Dioscorides,
626 1165 664 1223 ut
684 1159 799 1242 aliquo
814 1160 914 1224 modo
929 1159 1114 1237 damnaret,
1129 1159 1260 1226 Plinius

168 1257 303 1338 utquid
319 1276 362 1340 err
383 1277 450 1340 qou
472 1258 646 1326 habuisset
668 1266 844 1338 constaret,
866 1281 931 1326 nee
955 1261 1180 1328 dissimularet
1201 1281 1262 1345 per

168 1375 257 1440 qnos
287 1357 494 1440 profecisset.
537 1358 653 1442 Atque
672 1371 712 1426 ut
735 1362 938 1443 intelligatis,
961 1362 1106 1426 studiosi
1128 1363 1261 1428 adoles-

167 1465 294 1536 centes,
309 1479 408 1542 quam
424 1461 621 1542 probabilis,
637 1481 806 1546 quamque
821 1463 996 1544 perspicua
1011 1463 1055 1526 sit
1071 1463 1261 1546 conjectura

166 1567 292 1641 nostra,
308 1562 453 1643 accipite
477 1579 551 1624 earu
574 1564 692 1642 paucis
713 1563 911 1647 quibusdam
934 1563 1099 1645 exemplis
1120 1565 1262 1628 nonnul·

167 1663 277 1728 larum
302 1662 527 1738 historiarum,
555 1663 599 1727 ab
630 1669 775 1745 utroque
797 1663 1004 1746 scriptarum,
1042 1663 1259 1746 explicatam,

168 1783 308 1846 quarum
330 1764 485 1828 Sextium
512 1761 651 1844 Nigrum
675 1763 805 1828 Plinius
829 1771 999 1828 auctorem
1012 1763 1103 1840 iacit,
1119 1764 1261 1830 Diosco-

167 1863 271 1942 rides,
286 1865 414 1928 uemiue
425 1865 610 1942 nominato,
626 1865 742 1947 potius
756 1866 923 1947 seipsum:
945 1865 1044 1948 plura
1066 1866 1190 1931 similia
1201 1886 1263 1932 uo·

166 1967 221 2030 bis
244 1985 304 2049 per
317 1967 422 2032 otium
438 1965 540 2030 Plinii
567 1966 781 2047 ingenuitatis
804 1973 997 2047 argumenta
1017 1985 1061 2030 ex
1085 1967 1160 2050 ejus
1176 1967 1262 2034 His·

167 2066 254 2132 toria
269 2066 424 2133 Naturali
445 2067 639 2152 depromere
661 2074 829 2150 promtum
851 2066 925 2142 erit,
941 2086 1018 2150 quaa
1039 2085 1113 2148 ego,
1129 2087 1170 2132 ne
1184 2087 1261 2134 cum

167 2167 416 2249 sapientissimo
443 2186 604 2234 consessu
633 2186 695 2232 vos
727 2167 855 2231 diutius
885 2167 1076 2246 distineam,
1106 2170 1260 2234 consulto

166 2273 335 2350 pretereo.
375 2267 434 2332 *De
449 2268 552 2336 Fibro
568 2270 675 2352 inquit
690 2268 906 2332 Dioscorides
921 2267 1003 2331 libro
1018 2267 1175 2340 secundo,
1192 2275 1263 2334 ‘te-

167 2387 255 2434 mere
277 2369 444 2453 proditum
459 2389 536 2438 esse
553 2372 719 2454 amputari
747 2377 848 2436 testes
864 2371 907 2434 ab
932 2370 1019 2452 ipsis
1043 2369 1076 2432 in
1092 2369 1172 2452 fuga
1185 2387 1261 2434 enm

167 2471 354 2554 capiuntur,
369 2491 430 2536 uec
446 2473 533 2536 enim
549 2472 696 2538 adimere
710 2471 775 2536 sibi
801 2489 862 2536 eos
878 2476 1022 2553 possunt
1047 2469 1260 2548 substrictos,

167 2579 205 2636 et
219 2571 435 2651 adhaerentes,
448 2581 488 2637 ut
496 2573 640 2656 suibus?
684 2573 817 2638 Plinius
832 2592 912 2638 vero
928 2571 1010 2636 Nat
1024 2571 1114 2636 Hist.
1129 2585 1261 2636 xxxta.

167 2672 222 2736 43.
242 2692 287 2738 ex
309 2673 429 2738 Sextio
446 2673 489 2738 de
513 2675 630 2740 eodem
657 2675 726 2739 sic:
749 2674 951 2757 ‘Amputari
979 2677 1082 2737 testes
1108 2673 1151 2736 ab
1177 2673 1263 2756 ipsis

168 2793 247 2839 cum
277 2774 453 2858 capiuntur
479 2785 578 2858 negat
606 2777 744 2843 Sextius
773 2776 1048 2858 diligentissimus
1075 2773 1263 2860 medicinae,

168 2876 320 2958 quinimo
336 2893 459 2959 parvos
478 2895 564 2954 esse,
581 2880 863 2960 substrictosque,
878 2881 912 2942 et
926 2875 1131 2940 adhaerentes
1145 2876 1265 2956 spinae,

168 2996 233 3040 nec
244 2977 349 3043 adimi
364 2978 435 3043 siue
452 2980 521 3044 rita
532 2981 689 3046 animalis
704 2979 825 3063 posse!
868 2979 922 3043 Ex
938 2976 1056 3042 eodem
1073 2975 1158 3056 Nat.
1174 2975 1264 3040 Hist.

168 3097 245 3162 cap.
266 3079 322 3144 29.
342 3081 398 3144 41.
421 3080 508 3146 idern
536 3082 668 3148 Plinius
689 3084 810 3166 inquit,
842 3081 980 3163 ‘Ignem
1005 3099 1028 3145 a
1049 3076 1265 3142 Salamandra

169 3198 235 3245 uon
247 3180 413 3263 restingui
426 3181 445 3261 ;'
465 3182 590 3267 dequo
606 3183 824 3252 Dioscorides
838 3183 897 3248 lib.
913 3179 1083 3246 secundo:
1107 3178 1264 3244 ‘Temere

168 3281 331 3346 creditum
345 3291 396 3348 est
414 3283 665 3352 Salamandram
694 3305 760 3350 non
777 3286 897 3352 sentire
919 3279 1093 3349 flammas!
1136 3279 1264 3362 Aque

169 3382 228 3448 lib.
253 3389 374 3467 quarto
394 3385 579 3450 habemus:
601 3386 840 3452 ‘Narbonensi
866 3393 948 3448 taxo
972 3383 1023 3446 vis
1051 3387 1153 3454 tanta,
1175 3390 1212 3444 ut
1235 3380 1265 3443 si
1297 3437 1301 3444 ,

169 3485 229 3566 qni
243 3484 383 3563 sedeunt
407 3489 470 3552 sub
494 3507 547 3565 ea,
571 3506 768 3556 somnumve
796 3485 944 3566 capiant,
964 3480 1146 3560 laedantu13
1169 3499 1262 3565 saepe

68 3595 72 3604 '
170 3602 249 3652 vero
271 3586 374 3651 etiam
396 3588 597 3653 moriautur!
641 3588 730 3667 Quae
758 3587 870 3652 omnia
901 3583 1033 3648 Plinius
1063 3580 1146 3648 Nat.
1171 3581 1266 3646 Hist.

174 3703 252 3753 xvr.
267 3689 321 3752 10.
337 3689 371 3752 in
386 3689 540 3755 Sextium
558 3692 696 3774 Nigrum
716 3690 810 3754 refert
834 3690 869 3750 in
884 3688 970 3750 hunc
986 3684 1143 3750 modum:
1166 3683 1266 3748 ‘Sex-

170 3789 238 3854 tius
255 3788 359 3872 Niger
372 3791 462 3856 dixit
473 3797 587 3856 taxum
600 3811 674 3856 esso
690 3793 726 3856 iu
740 3789 890 3856 Arcadia
904 3788 984 3865 (vel,
1000 3793 1035 3850 ut
1050 3785 1120 3862 alii,
1136 3786 1170 3848 in
1184 3784 1267 3848 Gal·

171 3888 309 3974 lia)tam
321 3892 499 3974 praeseutis
516 3892 650 3971 veneni,
666 3900 704 3958 ut
714 3893 773 3975 qui
783 3890 991 3957 obdormiant
1002 3887 1064 3951 sub
1074 3905 1126 3962 ea,
1138 3883 1265 3950 cibum-

171 4009 214 4055 ve
240 3994 391 4076 capiant,
412 3995 615 4060 moriautur!
658 3996 712 4060 De
737 3995 881 4060 Thracio
907 3988 1019 4073 lapide
1043 3988 1119 4053 hoec
1142 3986 1267 4052 cecinit

173 4091 356 4160 Nicander,
366 4097 399 4158 in
415 4095 610 4162 Theriacis:
1055 4117 1057 4124 ·

261 4193 326 4258 Vel
337 4199 372 4258 tu
388 4194 581 4262 Threicium
597 4197 731 4264 flamma
743 4194 909 4263 succende
920 4190 1085 4274 lapillum,
