3056 4878
499 409 587 460 uer.
611 409 708 458 ursr.
732 409 805 458 ura.
828 410 869 457 rr.
890 393 944 459 66.
1199 397 1263 463 453

173 549 309 616 etiamsi
335 550 496 631 globetur,
525 555 706 615 extremum
737 569 803 616 non
833 552 966 618 decidat
991 572 1092 618 mare.
1137 553 1264 620 Contra

175 651 278 734 quod,
289 657 327 716 ut
337 651 403 716 sint
417 652 521 734 piane
533 654 651 731 maria,
659 660 693 717 et
705 672 774 737 qna
785 655 934 718 ridentur
948 653 1066 736 figura,
1078 674 1142 718 nou
1156 675 1263 737 posse

174 752 210 819 id
225 753 389 831 accidere,
406 773 524 834 magno
538 773 601 820 suo
616 756 751 836 gaudio,
762 775 946 838 magnaque
961 756 1063 838 gloria
1077 757 1263 822 inventores

175 852 287 918 Graeoi
303 855 487 919 subtilitate
501 857 704 939 geometrica
716 857 849 921 docent.
894 857 1049 940 Namque
1067 877 1139 921 cum
1152 877 1171 922 e
1182 859 1264 921 snb-¹

175 955 245 1022 limi
267 957 301 1020 in
323 954 479 1020 interiora
502 974 601 1040 aquae
625 959 777 1034 ferentin,
791 965 824 1022 et
846 958 889 1022 sit
913 958 987 1022 hmo
1008 965 1129 1024 natura
1149 977 1262 1022 earum

175 1057 333 1122 consessa
345 1078 354 1138 ς
366 1067 382 1120 ⁹.
399 1077 460 1122 nec
475 1060 655 1143 quisquam
670 1059 799 1125 dubitet
811 1060 847 1122 in
866 1059 976 1125 littore
990 1061 1061 1124 ulto
1077 1061 1264 1125 accessisse
1366 1078 1369 1084 ·

176 1179 248 1236 eas,
271 1178 340 1243 qno
362 1160 551 1241 longissime
575 1161 748 1226 devexitas
774 1179 877 1244 passa
902 1163 990 1241 situ
1016 1162 1133 1246 procul
1159 1161 1263 1226 dubio

175 1276 349 1343 apparere,
366 1279 434 1344 quo
456 1262 536 1343 quid
550 1262 708 1328 humilius
725 1264 788 1342 sit;
813 1264 951 1345 propius
974 1269 1086 1327 centro
1108 1281 1181 1326 esse
1201 1267 1263 1326 ter·

172 1349 238 1441 vree;
260 1379 441 1445 omnesque
462 1363 583 1440 lineas,
599 1383 676 1447 quae
699 1366 889 1430 emittuntur
911 1383 955 1428 ex
974 1383 1015 1428 eo
1031 1364 1075 1428 ad
1088 1364 1263 1446 proximas

176 1481 295 1545 aquas,
311 1464 477 1530 breviores
491 1464 575 1543 fieri,
591 1485 692 1548 quarn
708 1485 784 1548 quae
800 1466 843 1530 ad
857 1471 1039 1532 extremum
1054 1482 1144 1528 mare
1160 1483 1182 1528 a
1196 1462 1264 1545 pri·

174 1565 239 1628 mis
266 1565 387 1647 aquis.t
429 1567 516 1648 Ergo
534 1573 624 1632 totas
646 1570 801 1651 omnique
827 1573 982 1650 exparte
1004 1585 1110 1650 aquas
1134 1583 1264 1647 uergere

174 1667 209 1728 in
234 1672 403 1748 centrum;
424 1667 570 1751 ideoque
591 1687 659 1734 nou
684 1669 847 1746 decidere,
869 1669 1027 1751 qnoniam
1049 1669 1084 1731 in
1107 1666 1263 1732 interiora

174 1766 343 1834 mantum·

220 1885 327 1934 nxvr.
350 1869 451 1948 Quod
463 1872 513 1936 ita
526 1872 688 1939 formasse
703 1874 823 1938 artifex
836 1880 975 1938 natura·
996 1871 1088 1936 credi
1101 1869 1211 1945 dehet,
1226 1872 1265 1935 ut

175 1989 252 2036 cum
274 1976 359 2036 terra
380 1972 475 2037 arida
495 1980 528 2037 et
549 1975 642 2040 sicca
668 1980 820 2040 constare
841 1994 899 2058 per
924 1993 961 2037 ee
979 1991 1020 2036 ac
1041 1972 1114 2036 sine
1128 1970 1265 2036 humore

174 2090 242 2138 non
264 2079 393 2155 posset,
408 2091 470 2138 nec
495 2092 606 2138 mrsus
631 2082 721 2140 stare
750 2094 850 2158 aqua,
874 2075 940 2138 nisi
962 2073 1143 2138 sustinente
1167 2075 1265 2145 terra,

174 2179 290 2238 mutuo
305 2175 452 2258 implexo
463 2176 699 2260 jungerentur:
712 2184 722 2214 ¹
736 2177 799 2240 trae
815 2177 907 2240 siuns
922 2174 1101 2259 pandente:
1115 2170 1174 2236 ilia
1184 2189 1264 2234 vero

174 2279 361 2356 permeante
376 2281 490 2354 totam,
499 2278 594 2358 intra,
606 2283 714 2357 extra,
729 2284 856 2360 supra,²
869 2277 976 2354 venis,
985 2281 1023 2340 ut
1033 2272 1187 2348 vinculis,
1197 2270 1265 2334 dis-

175 2377 394 2454 currentibus,
411 2383 512 2460 atque
533 2379 633 2445 etiarn
654 2381 689 2444 in
703 2380 842 2444 summis
864 2377 955 2462 jugis
969 2378 1173 2458 erumpente:
1197 2389 1265 2454 quo

175 2477 296 2559 spiritu
307 2475 343 2523 ’ὓ
365 2485 442 2543 acta
451 2486 486 2543 et
499 2488 594 2546 terrm
609 2482 751 2564 pondere
763 2499 941 2565 expressa,
951 2477 1145 2562 siphonum⁶
1165 2469 1265 2536 modo

205 2664 219 2700 ⁸
237 2657 315 2712 Quem
324 2660 461 2721 urgeam
470 2664 605 2724 potiebare
616 2663 708 2714 littoris
715 2664 847 2713 devexitas.

207 2719 220 2752 t
232 2723 363 2786 omneque
372 2727 454 2788 tiseos,
464 2741 517 2790 μιν
526 2743 542 2775 a
551 2735 630 2776 ceretro
641 2735 712 2777 term
722 2731 840 2777 desertor
849 2727 881 2774 nd
888 2724 1022 2788 proximem
1032 2735 1099 2787 eque
1106 2719 1260 2787 tumme

176 2785 361 2855 memmerfiaeri,
372 2803 440 2851 quern
450 2804 502 2852 qua
511 2793 543 2839 ud
553 2792 662 2842 sitirem
669 2805 734 2841 mre
743 2807 759 2840 a
770 2791 845 2854 primo
855 2790 945 2838 littere.

208 2857 215 2878 ¹
232 2851 262 2899 Irr
271 2866 298 2900 en
305 2867 357 2914 qeoe
364 2858 419 2901 rent
427 2854 537 2917 propiora
547 2861 635 2906 centro.

635 2997 664 3019 u
666 2996 813 3018 ΙΙΙΙΙΙΙΙ

175 3101 192 3144 9
209 3095 273 3147 Cod.
284 3098 375 3148 Deiee.
387 3104 410 3147 et
420 3097 453 3147 rit
464 3099 502 3147 iric
511 3105 602 3148 return
613 3114 694 3148 emer
706 3111 849 3155 mmenreer
865 3094 918 3156 alii,
926 3099 950 3143 et
966 3093 1004 3142 rit·
1014 3092 1064 3167 tec
1073 3095 1160 3168 patera
1175 3101 1265 3138 cuncter

173 3176 209 3209 se.
244 3163 307 3210 Mox
320 3169 370 3211 vet.
383 3163 473 3212 Detee.
484 3163 510 3214 t'u
520 3165 588 3211 litter
598 3165 672 3213 ultum
682 3163 804 3212 accerrime
815 3177 855 3210 ear
866 3159 914 3208 atri
924 3173 968 3220 que
980 3158 1130 3216 tongrenses.

208 3223 274 3274 Cer.
287 3237 364 3274 nxvr.
380 3230 393 3274 1
407 3226 451 3275 lta
462 3225 538 3275 codd.
551 3227 686 3290 Herduini,
697 3229 758 3275 item
771 3225 850 3274 Basti.
863 3226 945 3281 Lupe.
957 3221 1067 3280 Erasmi,
1078 3219 1172 3266 Datec.
1183 3213 1265 3276 Lugd.

176 3291 248 3338 1⁶06.
268 3290 322 3338 Ele.
334 3291 432 3338 Eresm.
445 3289 572 3338 Harduin.
585 3296 607 3341 1.
618 3295 643 3339 2.
654 3295 679 3340 3.
695 3291 792 3338 Miller.
802 3288 908 3350 Bipont.
919 3293 947 3333 et
958 3285 1136 3332 Producuntur
1145 3280 1266 3341 complexe

169 3352 329 3414 jungerentur
339 3352 399 3402 edd.
411 3354 528 3417 quendem
542 3361 606 3403 vett.
616 3361 695 3402 metm
711 3354 831 3414 comptem
841 3351 1003 3423 fungerentur
1017 3347 1101 3394 Toiet.
1115 3353 1167 3391 ret.
1177 3342 1268 3392 Delec-

176 3426 227 3468 vet.
240 3419 350 3481 exempt-
363 3417 472 3480 Erasmi
484 3419 517 3468 rt.
550 3417 613 3468 Mox
625 3419 667 3466 ias
678 3431 725 3481 pro
736 3417 778 3464 true
793 3417 818 3465 in
832 3413 960 3462 Hardnrn.
971 3416 995 3460 2.
1006 3423 1039 3458 ex
1052 3422 1186 3471 operarum
1198 3419 1267 3454 erro·

174 3495 213 3543 re,
223 3480 291 3546 quod
303 3497 348 3531 suo
360 3496 430 3532 ruore
443 3483 541 3544 recepit
553 3483 733 3534 Frontina—i
749 3481 810 3530 Vet.
822 3480 883 3528 lect.
896 3492 936 3538 ap.
952 3475 1043 3524 Daiec.
1063 3483 1090 3522 et
1102 3473 1215 3522 Gronov.
1224 3484 1268 3517 ex·

176 3550 224 3600 tm.
235 3547 448 3609 intrarem-³
465 3546 527 3596 vet.
538 3548 650 3610 exempl.
670 3544 779 3608 Erunt,
794 3558 846 3608 qua
864 3540 966 3606 spiritus
991 3552 1080 3602 mergo
1097 3535 1155 3588 edd.
1177 3533 1267 3586 Deire.

177 3614 205 3658 et
216 3607 331 3660 Gronov.
343 3611 426 3674 quitur
436 3611 531 3674 spirite.

669 3738 779 3789 NOTAE

176 3837 246 3887 ditis.
743 3848 790 3899 per
809 3831 903 3880 ductus
924 3827 1105 3878 subterraneos
1125 3824 1269 3876 inurentes

208 3908 336 3969 'Mse-t
346 3909 444 3972 wiern]
469 3909 531 3972 neg.
550 3914 571 3958 1.
582 3913 606 3958 2.
620 3907 703 3958 chiffl.
744 3903 1045 3970 usqumettoeeomnie,
1061 3901 1088 3949 in
1104 3898 1195 3968 quibus
1214 3911 1269 3946 sce·

176 3994 226 4039 erc.
243 3985 345 4046 Artifex
354 3991 457 4034 mure.
743 3983 869 4045 turigines
888 3979 1033 4042 conspicuas
1050 3982 1119 4033 sunt,
1130 3988 1197 4037 aque
1209 3987 1269 4021 con·

208 4061 292 4120 bQuo
301 4061 400 4125 spirite]
426 4059 548 4124 Sequitur
567 4059 702 4123 pervulga·
743 4055 850 4107 tendet:
877 4053 972 4101 trabere
992 4065 1019 4099 ne
1041 4064 1134 4113 nempe
1153 4049 1270 4097 tellurem

177 4147 229 4189 tam
256 4137 410 4188 senteutiam
434 4135 599 4186 referentium
626 4135 704 4198 origi·
744 4126 1060 4200 cumianimelquoddem
1080 4127 1178 4190 ingens,
1197 4123 1270 4186 cujus
1323 4138 1327 4148 ·

178 4226 237 4264 nem
250 4210 358 4263 fontium
371 4211 402 4262 ad
415 4211 496 4276 iprum
510 4224 590 4268 mere,
606 4224 639 4259 ex
654 4225 703 4276 qno
744 4225 794 4260 non
807 4207 881 4258 modo
893 4204 1054 4258 subterrruei
1067 4209 1165 4253 meatus
1183 4199 1269 4252 tarent
