3006 4874
245 373 308 436 150
672 380 902 430 rssrrnosra

244 537 476 605 memorantur,
500 527 683 606 audieram,
704 532 925 612 persecutum.
957 525 1012 589 Tu
1025 525 1204 609 potissima
1219 541 1334 588 excer-

247 652 319 716 pas.
357 631 462 696 Aliud
477 639 530 696 est
541 632 627 695 enim
640 630 829 714 epistolam,
844 629 936 694 aliud
950 627 1134 706 historiam,
1146 626 1238 692 aliud
1253 626 1335 690 ami-

248 753 301 812 co,
318 735 407 798 aliud
423 735 578 799 omnibus
592 733 744 798 scribere.
776 725 887 796 'Vala

607 1139 692 1204 carr
716 1136 845 1201 Purnrr
868 1135 981 1213 Vrrrr,

643 1312 775 1376 Incerto
789 1308 947 1374 Auctore.

292 1444 395 1512 Caius
417 1443 549 1510 Plinius
571 1446 742 1511 Secundus
766 1445 977 1522 Veronensis,
994 1453 1092 1512 natus
1108 1449 1172 1513 sub
1187 1448 1335 1526 Tiberio,

250 1555 344 1632 patre
357 1547 483 1623 Celere,
498 1553 602 1612 matre
619 1547 791 1625 Marcella,
814 1548 966 1612 omnibus
981 1548 1173 1614 liberalibus
1187 1550 1336 1632 disciplia

250 1652 301 1714 nis
329 1669 466 1734 operam
491 1648 601 1714 dedit:
623 1669 707 1712 unus
731 1647 878 1713 omnium
899 1648 1036 1715 mirifice
1058 1647 1336 1714 studiosissimus.

250 1750 342 1817 Nam
365 1752 471 1833 perire
492 1769 588 1815 omne
610 1759 740 1834 tempus
763 1737 990 1827 arbitrabatur,
1012 1751 1102 1835 quod
1129 1751 1249 1816 studiis
1271 1771 1337 1817 uon

250 1853 482 1934 impartiretur.
518 1849 628 1935 Opera
638 1853 809 1936 complura
823 1851 937 1928 edidit,
948 1855 983 1915 in
994 1854 1115 1936 quibus
1129 1855 1231 1918 multa
1245 1874 1338 1920 scru-

249 1953 370 2037 pulosa
384 1954 550 2019 absolvit:
573 1960 609 2018 et
622 1953 833 2018 nihilominus
847 1973 967 2021 causas
980 1955 1160 2037 aliquando
1171 1957 1336 2022 actitavit.

252 2055 369 2138 Augur
383 2054 468 2120 suit:
491 2053 602 2120 officia
615 2053 751 2138 publica
772 2054 1029 2136 administrarit3
1051 2057 1151 2122 etiam
1171 2058 1337 2124 Procura-

249 2166 302 2223 tor
316 2160 348 2222 in
365 2155 544 2240 Hispania.
588 2157 714 2222 Floruit
728 2155 873 2219 maxima
892 2157 953 2220 sub
977 2157 1089 2240 lmpp.
1103 2156 1342 2241 vespasianis,-

249 2260 328 2324 Tito
343 2279 408 2323 non
424 2258 634 2324 mediocriter
653 2277 762 2332 carus,
782 2258 837 2321 cui
856 2258 959 2322 libros
980 2257 1151 2324 Naturalis
1173 2258 1337 2328 Historiae

251 2361 395 2441 dicavit3
418 2379 507 2443 opus
521 2359 688 2436 diffusum,
704 2358 874 2435 eruditum,
897 2361 1036 2437 varium,
1058 2361 1145 2444 stylo
1167 2361 1339 2428 duriuscu-

250 2463 330 2528 lum.
386 2462 465 2526 Fuit
490 2461 642 2544 oplnioni
663 2459 840 2544 Epicureae
862 2480 1096 2544 nonnunquam
1117 2463 1338 2545 astipulator:

251 2563 377 2646 ubique
401 2570 512 2627 tamen
533 2562 689 2626 vitiorum
711 2563 889 2627 acerrimus
911 2565 1101 2628 insectator.
1144 2564 1249 2629 Periit
1273 2570 1338 2633 sub

250 2665 339 2742 Tito,
355 2683 443 2728 anno
459 2665 570 2728 aetatis
586 2669 684 2729 sexto
699 2669 731 2727 et
743 2664 1034 2746 quiuquagesimo,
1057 2665 1136 2730 Kal.
1158 2666 1339 2734 Novembr.

252 2785 328 2830 cum
350 2766 474 2833 Miseni
500 2766 811 2849 classem-imperio
842 2772 976 2848 regeret,
1001 2767 1122 2848 spiritu
1152 2769 1338 2851 obstructo,

251 2867 435 2952 clausoque
449 2867 634 2948 stomacho,
651 2868 832 2948 (invalidus
845 2871 929 2933 enim
946 2869 1005 2945 illi,
1019 2874 1052 2933 st
1068 2876 1227 2954 angustus
1243 2880 1340 2954 erat,)

252 2987 297 3032 ox
312 2967 452 3050 caligine
462 2969 560 3034 nubis
576 2975 688 3034 ortaee
702 2969 853 3035 Vesuvio
869 2976 988 3047 monte,
1012 2971 1058 3035 ad
1080 2992 1181 3056 quam
1198 2993 1342 3040 noscen-

135 3057 139 3068 ’
253 3072 329 3136 danr
343 3070 483 3154 propius
497 3076 692 3136 accesserat.
816 3073 818 3078 '

609 3246 694 3311 Cirr
718 3246 847 3310 Pnrnrr
871 3249 984 3326 Vror,

264 3406 319 3472 Ex
334 3406 495 3485 Suetonii,
508 3412 546 3470 ut
562 3406 661 3488 volgo
677 3405 829 3484 creditur,
844 3406 928 3471 libro
944 3405 998 3470 De
1011 3403 1103 3471 Viris
1119 3407 1326 3475 Illustribus.

296 3539 426 3603 Plinius
459 3539 635 3604 Secundus
672 3539 968 3618 Novocomensis·
1009 3543 1217 3624 equestribus
1255 3545 1343 3610 mili-

253 3641 308 3704 tiis
330 3639 489 3704 industrie
509 3639 656 3720 functus,
678 3643 924 3725 procurationes
946 3662 1080 3727 quoque
1112 3646 1343 3728 splendidissi-

253 3762 338 3816 mas,
352 3750 451 3826 atque
466 3745 653 3820 continuas,
677 3763 806 3810 summa
818 3746 1005 3826 integritate
1020 3746 1287 3812 administravit:
1311 3759 1345 3816 et

252 3851 364 3908 tamen
380 3842 573 3908 liberalibus
588 3846 707 3911 studiis
722 3851 848 3911 taniam
874 3866 1011 3931 operam
1031 3847 1131 3925 dedit,
1154 3856 1193 3912 nt
1212 3868 1277 3914 non
1293 3859 1343 3916 te·

253 3965 342 4010 mere
359 3945 435 4028 quis
450 3946 543 4028 plura
556 3947 592 4010 in
606 3950 677 4011 otio
691 3950 868 4032 scripserit.
901 3949 1019 4033 ltaque
1030 3949 1119 4013 bella
1131 3952 1253 4030 omnia,
1265 3973 1343 4035 quae

254 4066 399 4129 unquam
428 4066 506 4111 cum
537 4047 715 4115 Germanis
740 4056 834 4133 gesta
857 4056 946 4129 sunt,
970 4050 1087 4134 viginti
1116 4052 1343 4128 voluminibus

300 4210 351 4262 ⁸lu
363 4214 429 4265 reris
440 4216 573 4268 codicibus
584 4230 634 4268 ros
644 4231 676 4267 ea
688 4217 958 4283 Nowmraenairabest
969 4227 997 4272 et
1009 4191 1098 4274 abesse
1107 4223 1197 4290 utique
1208 4222 1300 4273 debet.
1330 4255 1336 4266 .
