3016 4876
270 391 314 454 rt
558 411 562 420 ·
614 401 661 448 nn
684 399 716 447 o,
741 397 858 446 ncrnrr
883 397 1022 445 ιιτιιιι

271 547 414 628 septimo
434 548 602 607 auctorem
612 539 842 623 Tranquillum
857 539 942 604 citat
964 531 999 602 ln
1018 538 1172 619 catalogo
1196 537 1351 601 Virorum

271 645 451 710 Illustrium
464 661 506 707 eu
519 643 560 706 de
573 641 685 706 Plinio
700 640 905 714 referentem,
925 659 1003 723 qum
1018 657 1063 704 ex
1075 636 1236 704 Suetonio
1250 639 1353 722 iure·

272 745 411 810 tustiora
436 743 537 807 Plinii
563 742 725 806 Historiae
752 741 924 806 Naturalis
953 740 1169 822 impressione
1193 740 1353 822 leguntur.

272 846 427 911 Ceterum
443 845 488 909 D·
504 843 730 926 Hieronymus
745 862 819 906 cum
842 842 938 925 hujus
961 840 1129 922 fragmenti
1150 859 1218 903 non
1241 840 1355 904 memi-

272 947 365 1021 nerit,
386 952 495 1010 tumen
509 945 641 1008 hortatu
657 943 780 1007 Dextri
795 943 954 1025 prmtorio
967 941 1116 1025 prefecti
1133 941 1175 1006 de
1189 941 1355 1024 scriptori·

273 1048 338 1110 bun
349 1045 595 1110 Ecclesiasticis
603 1045 704 1108 verha
714 1043 864 1109 tacturus
875 1043 910 1106 in
922 1044 1017 1108 initio
1026 1044 1099 1108 haec
1111 1044 1231 1109 habet:
1248 1043 1356 1108 ‘Hor-

237 1215 240 1226 ,
274 1148 367 1225 turis,
382 1147 518 1223 Dexter,
529 1153 567 1212 ut
573 1145 800 1228 Tranquillum
815 1163 959 1228 sequeus
967 1145 1227 1210 Ecclesiasticus
1241 1144 1356 1226 Scrip-

274 1255 365 1312 tores
379 1249 411 1311 in
427 1249 574 1313 ordinem
590 1248 748 1329 digeram,
763 1253 799 1309 et
812 1246 900 1329 quod
921 1246 977 1310 ille
991 1247 1024 1310 in
1038 1245 1265 1310 enumerandis
1280 1265 1356 1328 geu·

274 1350 383 1415 tilium
397 1350 566 1415 literarum
580 1349 672 1413 Viris
695 1348 777 1412 fecit
802 1346 1001 1423 Illustrihus,
1024 1365 1086 1426 ego
1107 1347 1141 1410 in
1162 1347 1287 1411 nostris
1307 1347 1358 1411 fa-

276 1451 384 1518 oium:
430 1452 472 1515 l).
496 1451 596 1532 igitur
620 1450 829 1532 Hieronymo
851 1457 886 1512 et
909 1448 1037 1512 Dextro
1058 1449 1200 1512 testibus
1213 1447 1255 1512 de
1268 1445 1360 1511 Viris

275 1552 463 1618 illustribus
476 1551 656 1616 Suetonius
668 1549 744 1631 egit
776 1549 877 1625 Nam,
888 1548 979 1631 qued
995 1548 1184 1630 ‘gentilium
1195 1549 1361 1613 literarum

277 1651 378 1718 Viros
390 1651 554 1717 illustres'
566 1651 676 1716 Aldus
689 1649 862 1715 Manutius
878 1652 990 1715 senior
1004 1649 1147 1734 quodam
1159 1653 1193 1714 in
1208 1650 1361 1733 Epistola

277 1754 319 1818 ad
337 1753 513 1836 Aloysium
527 1751 738 1816 Mozenicum
752 1751 997 1816 Grammaticos
1019 1755 1053 1815 et
1071 1749 1238 1816 Rhetcres
1260 1753 1362 1816 inter·

278 1859 432 1937 pretatur,
446 1853 654 1918 brevioribus
667 1852 816 1916 terminis
840 1853 1033 1933 ‘gentilium
1054 1850 1240 1916 literarum’
1262 1853 1363 1934 sigui·

278 1956 411 2020 licatum
423 1955 502 2020 mihi
512 1954 642 2020 vidntur
657 1953 904 2031 descivisset
919 1959 1122 2018 contractum
1139 1953 1173 2016 in
1186 1961 1363 2036 angustum

279 2056 376 2120 nimis
403 2056 595 2132 adduxisse,
616 2055 707 2137 quod
733 2074 862 2120 omnem
887 2074 951 2119 non
975 2056 1083 2119 solunt
1107 2054 1364 2138 philosophiam,

279 2175 395 2220 venum
411 2157 510 2220 etiam
526 2175 622 2220 ornne
636 2174 742 2236 genus
757 2155 925 2220 literarum
940 2156 1182 2238 complectitur,
1205 2156 1237 2219 id
1260 2157 1364 2219 solum

280 2256 524 2338 grammaticam
539 2262 573 2320 et
585 2257 785 2320 rhetoricam
800 2256 846 2320 D.
859 2255 1066 2339 Hieronymo
1089 2255 1274 2336 significare
1290 2275 1365 2340 pro·

280 2358 405 2434 fessus,
436 2375 577 2440 quarum
602 2357 759 2435 studium,
789 2377 888 2439 quom
915 2358 1056 2420 aliarum
1084 2375 1365 2441 quarumcumque

280 2458 464 2524 liberalium
479 2459 740 2542 disciplinarum,
749 2477 814 2522 non
826 2458 1000 2520 adamasse
1014 2459 1129 2538 magis,
1142 2477 1182 2520 ac
1197 2459 1366 2539 professos

282 2579 355 2624 esse
369 2561 519 2641 gentiles,
531 2579 616 2623 unus
629 2559 709 2623 mihi
725 2579 786 2642 pro
798 2558 910 2624 multis
921 2564 1113 2639 argumento
1125 2559 1170 2621 sit
1183 2557 1232 2623 Μ.
1245 2558 1365 2637 Varro,

284 2662 408 2744 dequo
432 2660 552 2724 Cicero
571 2661 604 2722 in
620 2659 834 2724 Academicis
854 2647 1123 2736 Quaesucn'ibus:
1145 2658 1218 2722 ‘Tu
1235 2667 1366 2724 satutem

283 2763 412 2844 patriae,
435 2770 470 2825 tu
493 2760 732 2844 descriptiones
756 2768 954 2843 temporum,
977 2768 1014 2824 tu
1040 2777 1208 2824 sacrorum
1226 2761 1313 2844 jure,
1333 2767 1367 2824 tu

287 2858 504 2938 sacerdotum,
534 2869 570 2925 tu
595 2861 823 2932 domesticum,
853 2868 888 2925 tu
911 2860 1066 2924 bellicam
1090 2860 1310 2943 disciplinam,
1333 2867 1369 2925 tu

288 2961 400 3026 sedem
424 2964 608 3043 regionum,
622 2962 784 3040 locorum,
798 2970 835 3026 tu
851 2963 993 3027 omnium
1010 2961 1196 3025 divinarum
1211 2961 1369 3025 humana-

287 3081 425 3144 rumque
448 3081 556 3125 rerum
579 3062 721 3130 nomina,
743 3080 874 3142 genera,
896 3061 1018 3138 officis,
1042 3079 1165 3126 causas
1189 3060 1371 3144 operuisti?

288 3162 334 3226 D.
349 3181 427 3226 vero
448 3159 654 3244 Augustinus
672 3161 756 3226 lihro
779 3163 821 3226 de
841 3161 986 3228 Ciuitate
1006 3163 1072 3228 Dei
1092 3169 1189 3227 sexto
1212 3165 1369 3227 ‘inomni

290 3263 483 3340 eruditione,
504 3281 605 3347 quam
619 3282 681 3328 nos
695 3265 899 3342 saecularem,
921 3265 971 3328 illi
993 3271 1102 3329 cutem
1125 3265 1295 3328 liberalem
1312 3283 1371 3328 ro-

289 3371 379 3443 cont,
402 3365 588 3429 studiosum
613 3383 719 3428 rerum
740 3363 888 3442 tuntum'
909 3365 1029 3428 docere
1044 3364 1222 3432 Varronem
1247 3367 1371 3446 scribit,

288 3469 473 3548 ‘quantum
496 3465 685 3531 studiosum
707 3466 882 3530 vorborum
904 3464 1020 3530 Cicero
1042 3466 1215 3531 delectatr’
1243 3471 1371 3534 ‘seecu-

289 3567 368 3631 luris
383 3565 595 3631 eruditionis’
617 3566 758 3642 nomine,
777 3567 869 3630 haud
884 3565 983 3630 dubie
996 3567 1031 3630 id
1049 3567 1157 3648 ipsum
1170 3567 1372 3650 intelligens

290 3667 383 3752 quod
397 3669 523 3732 ‘litorea
535 3665 704 3732 Gentiles’
719 3668 764 3731 D.
778 3667 985 3751 Hieronymo
997 3666 1228 3749 significarunt
1262 3669 1372 3748 Quidl

292 3770 370 3833 dico
385 3769 430 3832 D.
442 3769 627 3851 Augustino
652 3768 792 3833 ‘literas
807 3769 1001 3834 soeculares'
1022 3767 1098 3846 hoc,
1120 3770 1213 3851 quod
1227 3771 1271 3835 D.
1286 3771 1374 3835 Hie·

291 3888 427 3954 ronymo
450 3870 579 3934 ‘literae
603 3869 797 3951 gentilium,'
818 3871 1014 3955 siguificare,
1035 3889 1111 3934 cum
1133 3871 1223 3935 idem
1242 3873 1318 3954 ipse
1339 3875 1373 3936 in

292 3969 446 4054 Epistola
456 3970 499 4034 ad
515 3971 674 4053 Magnum
689 3979 852 4037 oratorem
868 3971 1054 4036 Romanum
1065 3972 1202 4036 eusdem
1224 3974 1373 4038 ‘literas'

292 4072 396 4137 modo
418 4071 637 4150 ‘saeculares’
659 4074 759 4138 modo
776 4070 955 4155 ‘gentiles'
969 4069 1117 4155 appellet
1131 4073 1374 4157 philosophiam

294 4174 489 4241 nominatim
517 4173 818 4258 comprehendens3
850 4175 950 4238 immo
976 4192 1066 4249 vero,
1099 4176 1187 4240 sicut
1212 4174 1373 4256 diximus,
