3006 4874
254 363 317 430 lli
679 375 911 426 rnsrruonrs

253 539 370 596 causa,
385 517 443 582 sed
458 517 620 598 studendi,
636 518 751 582 statim
766 537 788 582 a
802 524 902 582 nocte
922 517 1049 582 multae
1071 516 1187 600 hyeme
1204 531 1283 580 vero
1299 513 1340 577 ab

252 621 335 684 bora
362 620 515 703 septima,
545 620 598 684 vel
626 639 700 683 curn
729 617 929 696 tardissime,
959 623 1090 692 octava,
1118 635 1210 698 saepe
1231 621 1341 680 sexta

254 721 334 784 Erat
356 739 437 786 sanc
461 721 599 787 somni¹¹¹
626 719 856 804 paratissimi,⁹
879 737 1111 803 nonuunquam
1133 717 1234 782 etiam
1257 718 1344 780 iuter

252 823 328 904 ipsa
354 822 469 886 studia
491 823 653 898 instantis,
676 827 711 885 et
732 820 925 884 deserentis.
967 817 1053 884 Ante
1074 817 1181 882 lucem
1204 818 1277 881 ibat
1298 816 1342 880 ad

250 919 499 1006 Vespasianum
516 920 778 1004 Imperatorem:
800 939 878 984 nam
892 920 947 984 ille
958 937 1090 1003 quoque
1104 917 1258 982 noctibus
1272 922 1344 983 ute·

253 1023 369 1087 batur:
392 1022 468 1085 inde
482 1019 524 1086 ad
541 1020 728 1101 delegatum
744 1021 809 1085 sibi
823 1019 977 1084 officium.
1003 1019 1175 1084 Reversus
1191 1017 1341 1096 domum,

254 1123 344 1206 quod
369 1122 531 1204 reliquum
555 1121 727 1205 temporis,
755 1121 878 1185 studiis
902 1119 1075 1185 reddebat.
1119 1118 1207 1184 Post
1228 1119 1341 1184 cibum

253 1242 356 1307 saepe,
373 1243 471 1308 quem
487 1222 628 1287 interdiu
643 1223 751 1286 levem
766 1226 798 1285 et
813 1221 947 1285 facilem
962 1228 1109 1286 veterum
1125 1238 1218 1284 more
1232 1239 1343 1284 sume-

167 1343 169 1350 ·
252 1325 322 1402 bot,
343 1327 474 1400 aestate,
496 1323 525 1386 si
548 1322 629 1406 qnid
652 1322 725 1400 otii,
742 1321 883 1406 jacebat
897 1321 930 1386 in
945 1321 1039 1387 sole:
1062 1323 1148 1386 liber
1161 1322 1342 1404 legebatur,

251 1427 442 1504 annotabat,
458 1426 740 1509 excerpebatqne.
784 1423 879 1488 Nihil
895 1424 982 1488 onim
992 1443 1136 1507 unquam
1150 1423 1239 1506 legit,
1251 1423 1341 1506 quod

251 1543 318 1590 non
329 1532 535 1609 excerperet.
580 1524 703 1590 Dicere
716 1525 819 1589 etiam
834 1523 974 1603 solebat,
988 1525 1113 1591 nullum
1128 1545 1204 1590 esse
1218 1525 1341 1590 librum

251 1633 322 1693 tam
335 1626 469 1703 malum,
484 1632 521 1692 nt
533 1635 559 1666 ¹⁰
580 1645 645 1690 non
661 1626 773 1710 aliqua
789 1645 831 1690 ex
849 1635 944 1710 parto
959 1627 1144 1710 prodesset.
1187 1626 1273 1691 Post
1288 1646 1342 1690 so·

251 1723 318 1792 lem
339 1727 534 1811 plemmque
554 1727 675 1810 frigida
696 1727 883 1793 lavabatur.
928 1727 1057 1792 Deinde
1080 1729 1249 1812 gustabat,
1265 1727 1342 1792 dor-

251 1829 441 1911 miebatque
462 1829 644 1892 minimum.
688 1827 786 1908 Mox,
809 1829 906 1914 qnasi
933 1830 999 1894 alio
1029 1830 1096 1907 dic,
1124 1829 1279 1896 studebat
1307 1830 1339 1893 in

252 1947 359 1994 coeuee
382 1935 524 2012 tempus.
567 1929 678 2012 Super
698 1930 782 1995 banc
804 1931 888 1998 liber
909 1932 1088 2014 legebatur,
1110 1931 1340 2008 annotabatur,

251 2035 285 2094 et
304 2029 437 2113 quidem
452 2029 585 2094 cursim.
629 2031 769 2096 Memini
790 2032 953 2115 quendam
976 2053 1018 2096 ex
1040 2033 1167 2108 amicis,
1183 2051 1257 2096 cum
1274 2032 1343 2096 lec·

252 2137 306 2194 tor
325 2130 478 2215 quaedam
496 2133 747 2214 pronuntiasset
769 2151 951 2216 perperam,
974 2153 1163 2212 revocasse,
1178 2139 1211 2196 et
1232 2135 1341 2215 repeti

187 2255 192 2260 ·
252 2231 419 2316 coiigisse:
443 2232 522 2297 huic
537 2232 737 2297 avunculum
747 2252 857 2297 meum
869 2232 1011 2310 dixisse,
1021 2233 1243 2299 Intellexcras
1253 2253 1341 2297 nem·

251 2333 322 2414 pel
349 2353 426 2400 cum
442 2335 499 2400 ille
520 2335 704 2414 annuisset,
721 2334 789 2399 Gur
809 2355 886 2418 ergo
909 2335 1115 2400 revocabast
1137 2334 1253 2399 docem
1273 2353 1342 2398 arn·

705 2503 882 2527 ΟΝΙΝΝΝΝ

251 2622 327 2678 putat
339 2615 495 2667 Calenam!
513 2618 617 2668 Gronov
619 2625 667 2670 —o
682 2621 725 2671 lta
736 2622 841 2686 Bipont.
854 2624 968 2683 Brotier,
976 2630 1003 2673 et
1017 2621 1092 2672 Plinii
1103 2617 1219 2673 iunioris
1231 2619 1291 2672 edd.
1301 2634 1340 2669 re·

251 2687 333 2730 centt.
348 2682 573 2744 psrdsmnissasii.
590 2684 671 2740 lund.
683 2687 784 2736 Erasm.
796 2687 886 2738 Delec.
899 2687 981 2751 Lngd.
995 2691 1066 2738 lotid-
1082 2687 1137 2736 Eis.
1148 2686 1264 2736 Gronov.
1276 2685 1342 2734 Har·

251 2743 323 2794 duiu.
343 2747 403 2794 Μ.
415 2749 441 2796 8.
458 2755 486 2796 et
503 2746 657 2798 Fraus—lt)
673 2750 736 2800 Var-
753 2753 815 2802 lect.
832 2765 874 2817 ap.
893 2752 1007 2803 Gronov.
1025 2751 1140 2816 psi-ll
1159 2751 1239 2800 Basil.
1257 2747 1340 2813 Lugd.

738 2903 847 2955 NOTAE

250 2991 382 3042 canalibus
398 2993 535 3045 lucubrare
549 2997 710 3061 inciperent:
728 2998 774 3050 sed
815 3001 935 3050 librorum
945 2999 1257 3063 lreiluonern,svuncnlnm
1267 3010 1339 3046 snum

249 3067 277 3117 id
294 3074 392 3118 tantum
409 3068 556 3132 morbosus
571 3071 642 3136 χέρα
658 3075 774 3139 plerique
814 3075 930 3138 laudans,
956 3072 1151 3137 ‘Lucubrare,'
1174 3073 1268 3138 inquit,
1296 3073 1339 3121 ‘a

250 3143 398 3196 faciebant:
416 3149 507 3198 eodem
525 3151 601 3212 plane
620 3151 706 3213 mom,
724 3165 775 3217 qno
814 3150 999 3201 Vulcanalibus
1018 3149 1170 3214 incipiebat,
1186 3163 1236 3198 non
1252 3148 1340 3212 suspi-

249 3219 374 3272 Kalendis
382 3223 513 3275 ianuariis
521 3228 696 3293 suasquieqne
704 3237 774 3278 artes
814 3226 891 3276 candi
911 3240 998 3284 cause.
1016 3223 1062 3274 aed
1080 3222 1220 3274 studendi!
1251 3224 1340 3287 Negat

248 3295 350 3347 modice
366 3297 541 3363 attingebant,
551 3301 701 3364 suspicandi
714 3317 774 3352 cau·
814 3314 872 3350 enm
890 3301 927 3351 its
944 3299 1047 3356 iecisse,
1068 3309 1097 3350 ut
1112 3300 1194 3349 ceteri
1216 3298 1340 3362 solebant,

249 3385 287 3420 ss.
318 3371 445 3422 Ovidius:
468 3374 605 3440 ‘Quisque
624 3391 682 3426 suas
703 3386 773 3428 artes
813 3377 857 3442 qni
869 3376 1005 3426 toncdieis
1024 3384 1123 3426 uulnus
1138 3390 1216 3426 causa
1232 3375 1339 3438 incipie-

249 3444 282 3495 ob
302 3445 371 3496 idem
391 3446 487 3499 delibat
507 3450 623 3513 agendos
642 3453 700 3502 Nec
717 3454 774 3516 plns
814 3451 876 3502 bant
887 3453 1039 3502 lucubrare:
1052 3467 1083 3501 ac
1094 3451 1189 3501 deinde
1201 3449 1227 3500 id
1239 3449 1340 3501 ditlere·

250 3533 326 3583 qnam
337 3521 697 3590 soltennresuncaturnpm!
724 3527 773 3575 Co·
815 3525 876 3576 bant
900 3527 932 3575 ad
948 3526 1024 3577 tinem
1042 3525 1167 3588 autumni,
1184 3541 1241 3576 cunr
1258 3527 1338 3578 ‘ism

249 3593 361 3652 turnella,
372 3607 412 3644 ιιι.
423 3601 449 3646 2.
465 3599 473 3628 ⁶
485 3597 538 3648 Per
546 3600 592 3648 hos
604 3614 707 3665 quoque
718 3602 774 3652 dies
815 3601 929 3652 Phoebus
940 3603 1056 3653 breviore
1069 3604 1109 3652 via
1120 3609 1288 3653 contraxerat
1298 3617 1338 3651 or·

247 3668 773 3738 <ineuntlsJaunsrii)abstinentterrenis
814 3685 868 3726 turn
892 3677 980 3739 Lucis,
1002 3685 1029 3727 et
1056 3677 1159 3728 obsenri
1186 3677 1338 3728 crescebant

249 3742 369 3807 operibns
388 3745 559 3810 religiosiores
581 3752 718 3814 agricole·
736 3754 773 3805 ita
813 3760 929 3818 tenrpors
947 3753 1047 3804 somni!
1080 3753 1203 3804 Atilium
1224 3768 1286 3802 vere
1306 3767 1338 3802 se

249 3825 337 3868 temen
347 3819 391 3870 nt'
384 3821 448 3884 rpsie
458 3822 582 3873 Kalendis
589 3825 718 3876 Jauuarils
729 3842 773 3877 au·
812 3830 881 3879 serio
892 3829 1115 3881 al'nlcaualibns'
1109 3829 1224 3894 rncipere
1235 3831 1338 3922 solitum

249 3895 366 3958 spicandi
376 3909 453 3946 cansa
463 3911 537 3948 onme
547 3913 626 3961 genus
638 3903 741 3964 operis·
735 3917 774 3954 rn-
812 3912 952 3956 asseverat.

248 3979 375 4035 staureot,
385 3979 499 4023 ceterum
510 3971 629 4026 differant
642 3982 770 4030 terrenam
843 3987 862 4016 ¹
880 3981 941 4030 Erat
951 3996 1007 4031 asse
1017 3981 1102 4045 ιοιιιιιί]
1119 3979 1241 4031 Plinlns
1233 3993 1291 4044 rpse
1302 3978 1335 4028 ad

249 4046 407 4096 molitionem
420 4061 499 4114 usque
515 4048 539 4098 in
552 4050 772 4112 prosimaaldusss
812 4053 916 4104 Titum:
940 4057 1029 4108 ‘Cum
1052 4071 1141 4110 somno
1164 4055 1335 4144 valetudinem

249 4119 292 4168 lta
304 4121 402 4170 Plinius
413 4122 507 4173 Junior
517 4123 587 4172 illurn
600 4125 770 4188 parcissimum
812 4129 1010 4195 computamus)

249 4195 771 4265 temporisdispensatorem,aridlssirnnm
