3016 4876
250 364 292 426 lt
549 375 742 428 susurrio
765 377 817 425 ro.
842 375 1049 425 urrunnu.

250 529 321 588 tate
334 521 357 586 J
359 540 432 598 esu,
459 519 536 586 ‘De
561 519 601 585 C.
628 518 731 586 Plinii
754 519 828 588 loco
842 520 928 584 inter
943 517 1087 584 eruditos
1101 525 1340 586 controverso:

249 623 382 706 ‘Atque
393 622 493 688 etiam
505 623 642 686 morbus
656 629 708 686 est
722 622 846 704 aliquis
861 641 922 704 per
936 621 1136 704 sapientiam
1151 622 1275 687 mori.''

293 725 334 790 In
351 723 488 789 Librum
513 721 658 787 Nonum.
705 723 904 787 Franciscus
920 721 1111 788 Massurius
1126 722 1291 800 Venetus,
1306 727 1340 790 ia

248 828 369 898 librum
385 823 487 890 Plinii
501 841 625 887 nonum
642 821 817 888 Naturalis
832 822 1006 900 Historia,
1022 824 1064 886 de
1079 823 1210 888 Natura
1223 824 1340 908 Aqua·

248 929 354 993 tilium
382 925 664 992 commentarium
693 924 809 990 edidit.
862 923 993 988 Prodiit
1020 925 1167 990 Basileae
1196 927 1339 1008 primurn

248 1048 334 1096 anno
357 1043 572 1094 uuxxxvn.
595 1031 663 1092 tto.
708 1025 845 1096 Scholia
868 1027 902 1090 iu
927 1025 1075 1091 Plinium
1097 1033 1131 1092 et
1144 1023 1339 1110 Oppianum

247 1131 289 1194 de
304 1129 462 1196 Piscibus
477 1130 647 1194 Caesarius
662 1127 769 1194 edidit
782 1128 1008 1210 Argentorati,
1025 1142 1224 1191 rruxxxrv.
1238 1129 1306 1195 dto.

290 1231 329 1296 ln
349 1231 484 1296 Librum
500 1229 732 1298 Undecimum.
775 1229 944 1294 Nicolans
959 1227 1140 1312 Rigaltius,
1155 1230 1191 1294 in
1204 1229 1338 1295 leudem

247 1332 345 1397 Card.
359 1332 544 1408 Barbetiui,
558 1331 655 1416 cujus
668 1332 703 1396 in
715 1338 892 1397 stemmate
902 1330 1066 1414 gentilitio
1079 1331 1233 1396 visuntur
1243 1353 1337 1418 apes,

245 1434 346 1516 hujus
359 1433 436 1498 libri
458 1435 659 1517 particulam
673 1454 747 1498 eam
763 1451 840 1517 quse
854 1432 896 1498 de
918 1452 1021 1517 apum
1044 1441 1165 1499 naurra
1189 1436 1269 1516 agit,
1291 1436 1337 1499 ad

245 1533 343 1598 fidem
378 1534 462 1598 Mss.
490 1535 646 1600 codicum
675 1535 929 1600 emendatiorem
960 1533 1109 1600 edidisse
1138 1535 1337 1618 perhibetur,

244 1634 332 1698 baud
347 1635 407 1700 illa
420 1641 533 1700 tumen
548 1636 656 1702 adbuc
674 1637 747 1701 visa
760 1635 870 1701 nobis.

288 1736 329 1800 In
346 1736 483 1801 Librum
498 1736 674 1803 Decimum
689 1737 850 1802 Tertium.
894 1735 1009 1821 caput
1024 1738 1108 1804 illud
1123 1740 1212 1822 quod
1228 1739 1262 1802 iu
1276 1759 1337 1823 pa·

244 1838 318 1922 pyri
337 1837 550 1922 AEgyptiacae
572 1838 774 1922 explicanda
795 1847 916 1904 natura
938 1859 978 1903 ac
1000 1840 1105 1920 forma
1118 1846 1180 1918 est,
1195 1841 1337 1922 siugulis

244 1941 490 2005 commentariis
515 1938 679 2004 Melcbior
701 1939 938 2010 Guillandinus
956 1944 991 2004 et
1004 1939 1027 2004 J
1029 1941 1172 2024 osepbus
1188 1941 1338 2025 Scaliger

244 2040 412 2122 prosecuti
429 2047 516 2118 sunt,
531 2041 615 2104 inter
628 2059 664 2104 se
679 2041 834 2106 convitiis
848 2043 946 2105 etiarn
963 2041 1188 2125 digladiantes
1200 2041 1242 2106 do
1255 2061 1335 2108 vero

243 2137 312 2204 loci
326 2139 400 2223 ejus
414 2140 598 2217 intellectu,
609 2159 709 2223 quern
719 2145 832 2206 neoto
846 2141 946 2224 plane
956 2149 1007 2206 est
1022 2147 1205 2222 assecutus,
1220 2148 1258 2207 ut
1272 2163 1335 2210 suo

243 2239 317 2304 loco
331 2240 493 2306 dicemus.

286 2341 328 2405 In
357 2342 493 2406 Librum
523 2340 698 2406 Decimum
726 2339 862 2406 Nouum
890 2347 925 2404 et
955 2341 1207 2424 subsequentes,
1232 2343 1274 2408 de
1297 2365 1334 2409 re

243 2442 425 2523 barbaria„
459 2441 625 2508 Nicotaus
649 2440 859 2505 leonicenus
884 2440 1030 2506 libellum
1054 2441 1159 2507 edidit
1183 2444 1225 2507 de
1245 2444 1335 2510 falsa

243 2542 446 2625 quarundam
472 2543 645 2606 herbarum
674 2541 889 2625 inscriptione
919 2560 941 2605 a
970 2540 1095 2620 Plinio,
1124 2543 1333 2625 Argentorati

244 2657 446 2706 uoxxxvr.
492 2639 571 2718 Quo
585 2640 754 2706 volumine
770 2641 1008 2724 comprehensa
1026 2663 1163 2726 quoqne
1187 2644 1335 2712 Pendul-

242 2741 299 2822 pbi
325 2741 499 2807 Colliuutii
526 2741 687 2817 defensio,
713 2739 873 2807 adversus
903 2741 1084 2810 Nicolaum
1109 2745 1334 2814 leonieenum

242 2841 536 2924 Pliniomastigem.

285 2941 326 3006 In
348 2942 485 3008 Librum
499 2943 706 3010 Vicesimum
731 2950 927 3029 ceterosque
949 2947 1191 3031 subsequentes
1214 2948 1332 3014 libros.

241 3042 389 3110 Joauues
404 3043 602 3108 Fredericus
617 3043 807 3111 Gronovius
829 3046 865 3111 in
888 3047 1020 3131 aliquot
1043 3050 1267 3132 posteriorum
1292 3051 1332 3114 li·

241 3144 372 3210 brorum
386 3142 465 3208 loce
480 3143 594 3210 Notas
608 3144 712 3210 edidit
726 3165 815 3211 auno
841 3164 1061 3214 uncxnvrrr.
1086 3169 1184 3214 ersus
1210 3171 1231 3214 a
1254 3152 1332 3216 libri

241 3244 393 3310 vicesimi
417 3243 527 3328 cupite
553 3245 685 3312 decimo
709 3255 826 3313 sexto:
847 3249 1081 3316 miscellaneae
1106 3270 1241 3334 quoque
1263 3253 1331 3317 fere

240 3343 412 3408 duodenas
425 3344 730 3412 animadversiones
745 3349 781 3412 in
804 3349 908 3413 libros
930 3350 1066 3433 priores.
1108 3351 1193 3415 Sunt
1213 3371 1331 3418 omnes

240 3463 290 3510 eae
303 3463 440 3511 numero
454 3444 588 3528 quidem
603 3465 734 3530 paucoe,
748 3449 919 3531 aliquanto
934 3451 1035 3515 etiam
1050 3451 1250 3535 prolixiores
1262 3473 1271 3516 τ
1283 3495 1285 3500 .
1295 3461 1330 3516 at

239 3545 407 3628 pleraeque
420 3553 508 3610 certe
517 3546 608 3612 felici
619 3548 823 3632 conjectura,
835 3551 959 3634 quibus
970 3560 1106 3617 nostras
1115 3572 1192 3618 esse
1201 3555 1329 3618 similes

240 3647 410 3710 universus
440 3653 609 3730 optamus.
665 3650 868 3736 Quanquam
892 3671 955 3717 nec
984 3653 1191 3720 consuluisse
1208 3655 1330 3728 ¹sontes

240 3746 382 3812 Grecos
394 3746 465 3812 sere
478 3747 508 3810 is
523 3747 661 3828 videtur,
680 3752 714 3815 in
737 3752 858 3836 quibus
881 3752 1049 3834 singulare
1071 3755 1258 3819 subsidium
1278 3755 1328 3818 iu-

238 3865 314 3924 eese
337 3846 381 3914 ad
404 3845 469 3913 boc
493 3867 590 3931 opus,
615 3852 732 3917 lectori
754 3872 821 3918 non
845 3852 979 3918 omnino
998 3853 1115 3918 barum
1135 3873 1240 3920 rerum
1255 3855 1328 3920 rudi

239 3951 351 4034 palam
366 3950 435 4020 iore
449 3951 657 4018 confidimus.
690 3958 696 3972 '

281 4051 349 4118 Sed
364 4052 489 4118 vicisse
504 4073 621 4120 omnes
633 4055 821 4122 existimari
836 4055 945 4121 voluit
960 4056 1118 4139 vegrandi
1141 4057 1229 4121 mole
1244 4057 1328 4122 duo-4

238 4172 310 4218 rum
322 4154 540 4233 voluminum,
552 4155 674 4238 quibus
684 4155 907 4223 Pliniauurum
919 4156 1201 4224 Exercitationum
1215 4160 1251 4224 in
1265 4159 1329 4225 So·
