3006 4874
154 405 159 414 ·
250 381 313 448 lar
591 397 639 444 un
663 397 695 443 c.
719 394 839 442 rursu
863 393 1003 442 raram

252 538 517 608 Andromachum
538 538 703 620 juniorem
725 537 869 604 Neronis
892 535 1116 602 Andromachi
1129 535 1235 602 tilium
1248 557 1340 622 mag·

251 661 329 707 uam
347 639 486 725 Trajani
509 641 714 724 principatus
736 647 863 724 partem
886 639 1000 704 videre
1024 639 1190 721 potuisse,
1216 641 1273 704 cui
1298 641 1340 702 de

254 742 477 826 Hippocratis
494 743 635 806 vocibus
660 741 821 823 scriptum
841 759 914 826 ase¹
926 741 1197 805 commentarium
1212 740 1341 805 Erotia-

254 863 318 908 nus
329 843 501 908 dicaverit.
545 842 612 908 Sed
633 843 706 907 scio
720 843 802 926 quid
815 844 882 906 sint
894 843 1096 925 responsuri,
1107 841 1206 923 hujus
1223 848 1341 906 aucto·

254 944 302 1009 ris
318 947 445 1027 scripte
467 944 509 1008 ad
524 942 798 1009 Andromachum
812 944 990 1020 seniorem,
1003 963 1067 1007 nou
1082 943 1262 1026 juniorem,
1283 961 1343 1026 pa·

256 1055 352 1125 trem,
375 1065 440 1110 nen
463 1045 581 1123 filium,
606 1045 720 1127 dirigi:
743 1045 836 1110 illurn
852 1045 957 1108 inisse
983 1043 1196 1121 archiatrum,
1213 1045 1345 1127 qualem

256 1145 525 1212 Andromachum
540 1167 636 1211 snum
647 1146 824 1210 Erotianus
834 1145 992 1229 appellat,
1002 1143 1086 1210 hunc
1096 1145 1254 1209 neminem
1271 1149 1345 1209 ‘ar-

257 1247 437 1313 chiatmm'
459 1267 617 1312 vocasse:
643 1247 690 1310 sit
717 1247 778 1323 ita,
804 1248 947 1329 priorem
971 1246 1170 1312 archiatrum
1192 1246 1345 1324 fecerint,

256 1333 474 1431 posteriorem
490 1368 599 1427 nemo,
614 1349 704 1432 quod
719 1349 878 1426 sciamus,
898 1348 1143 1414 ‘archiatrum’
1160 1367 1235 1412 esse
1250 1347 1345 1410 dixe-

258 1446 314 1512 rit.
357 1447 462 1528 Igitnr
476 1466 545 1512 non
562 1449 638 1527 suit,
652 1468 716 1514 nec
732 1450 763 1512 is
778 1467 854 1514 esse
871 1456 980 1533 potest
995 1451 1039 1514 ad
1052 1469 1153 1534 quem
1170 1448 1345 1514 Erotianus

261 1546 406 1629 scripsit.
450 1546 556 1612 Plane
571 1549 637 1612 hec
655 1549 737 1614 mihi
763 1569 827 1614 uon
851 1549 983 1614 videtur
1003 1553 1109 1634 sequi.
1154 1551 1346 1632 Fingamus,

261 1647 391 1725 Patres,
404 1647 570 1714 Galerium
580 1647 853 1715 Andromachum
868 1651 1032 1716 seniorem
1046 1651 1204 1735 primodo
1219 1650 1347 1715 antido-

261 1749 306 1812 tis
330 1749 572 1814 ‘archiatrum’
594 1770 658 1815 non
680 1753 880 1828 nominasse,
904 1752 962 1818 sed
978 1753 1069 1836 quod
1083 1753 1165 1818 alibi
1180 1772 1283 1836 saepe,
1306 1771 1347 1816 ac

263 1867 407 1932 semper,
430 1839 740 1916 ‘Andromachum’
754 1853 874 1931 solum,
889 1855 962 1936 quis
978 1853 1066 1919 hunc
1078 1855 1278 1922 archiatrum
1290 1873 1350 1918 ex·

263 1949 374 2014 titisse
400 1949 560 2016 affirmare
586 1955 687 2031 ausit,
709 1975 809 2038 quem
824 1975 988 2038 nusquam
999 1958 1081 2022 alibi
1096 1956 1258 2032 Galenus,
1271 1973 1351 2019 nus·

264 2069 366 2134 quam
381 2050 568 2131 Orihasius,
583 2053 716 2135 Aetius,
727 2057 930 2136 Alexander,
939 2057 1139 2138 Trallianus,
1151 2059 1277 2124 Paulus
1289 2057 1351 2120 AE·

265 2151 389 2233 gineta,
415 2155 609 2234 Actuarius,
636 2166 694 2223 aut
718 2158 882 2225 Nicotaus
905 2160 1097 2246 Myrepsius
1122 2160 1351 2245 appellaruntt

265 2250 339 2318 Aut
353 2254 513 2321 faciamus
526 2259 646 2322 lihrnm
658 2259 701 2324 de
715 2262 876 2326 antidotis
890 2283 964 2326 cum
979 2263 1055 2326 aliis
1069 2264 1182 2328 moltis
1196 2262 1353 2346 operibus

266 2355 349 2420 vitio
363 2359 521 2441 temperis
535 2359 751 2426 intercidisse.
796 2363 831 2427 N
832 2383 875 2428 on
892 2365 992 2445 igitur
1005 2364 1166 2430 archiater
1182 2383 1249 2427 non
1269 2363 1353 2429 fnis-

267 2463 330 2532 set,
345 2463 382 2520 et
403 2457 562 2524 falsitatis
578 2461 786 2543 Erotianum‚
810 2467 890 2550 qnia
913 2467 997 2532 inter
1019 2466 1201 2532 archiatros
1223 2462 1354 2530 Andro-

268 2557 422 2621 machum
444 2567 658 2639 numerasset,
683 2565 975 2632 insimularemusi
1020 2567 1100 2634 Non
1115 2569 1233 2651 opiner
1255 2567 1290 2630 id
1305 2566 1356 2630 fa·

268 2673 431 2735 ceremus,
443 2667 501 2723 ant
515 2680 581 2725 non
597 2663 669 2727 sine
682 2665 804 2748 insigni
819 2669 1014 2732 temeritate.
1058 2667 1180 2750 ltaque
1194 2667 1277 2731 licet
1289 2685 1356 2732 non

268 2756 418 2835 habeam,
434 2760 492 2841 qui
507 2761 671 2844 juniorem
696 2763 968 2832 Andromachum
993 2766 1232 2833 ‘archiatrum'
1252 2768 1357 2832 nomi·

270 2861 411 2937 neverit,
425 2879 499 2924 cnm
514 2862 694 2929 adversarii
710 2868 867 2945 testibus,
882 2868 941 2950 qni
956 2870 992 2933 id
1008 2875 1136 2951 negent,
1152 2867 1284 2932 idoneis
1300 2869 1357 2932 de-

271 2959 460 3039 stituantur,
482 2963 567 3027 hunc
588 2967 786 3032 archiatrum
809 2989 872 3034 non
893 2971 1058 3047 extitisse,
1070 2969 1152 3052 quia
1165 2987 1266 3033 nemo
1280 2988 1357 3033 eum

271 3059 322 3122 sic
346 3062 505 3144 appellet,
529 3064 622 3130 tirmo
643 3085 710 3130 uon
731 3068 912 3134 admodum
934 3075 1123 3154 argumento
1145 3069 1359 3146 concludunt,

273 3158 448 3228 deficiente
463 3163 613 3229 vicissim
628 3168 686 3250 qui
700 3174 805 3250 neget.
863 3170 930 3236 Sed
951 3189 1031 3236 vero
1050 3190 1125 3236 oum
1148 3170 1358 3236 evidentibus

274 3265 513 3330 severissimis
529 3269 733 3349 conjecturis
749 3270 984 3339 Dioscoridem
998 3272 1104 3337 inisse
1119 3272 1233 3336 Plinio
1246 3280 1359 3355 poste·

273 3366 391 3428 riorem
406 3366 758 3450 demonstraverimus3
779 3379 901 3451 tamen,
921 3374 1011 3458 quod
1025 3393 1117 3456 saepe
1132 3373 1360 3455 disputatione

274 3472 345 3530 tota
367 3468 492 3531 facturn
520 3477 583 3545 est,
607 3478 647 3533 ut
659 3473 764 3537 multa
779 3476 979 3539 adversariis
993 3475 1114 3540 nostris
1129 3474 1360 3552 condonarem,

276 3564 318 3626 de
335 3566 398 3629 hoc
413 3585 547 3651 quoque
559 3589 611 3633 me
627 3571 695 3636 illis
711 3574 809 3639 valde
822 3576 990 3645 liberalem
1015 3577 1193 3658 praestabo,
1214 3574 1362 3640 Plinium

276 3665 454 3730 admittens
470 3668 670 3736 Dioscorida
677 3675 892 3759 antiquiorem
903 3695 971 3740 nou
980 3695 1066 3753 esse,
1081 3676 1182 3740 immo
1193 3677 1360 3741 verorolo

275 3766 374 3830 etiam
395 3766 503 3832 tuisse
522 3769 701 3852 juniorem,
715 3796 778 3841 nec
791 3778 960 3856 existimo,
973 3778 1118 3861 qnodilli
1133 3778 1253 3842 confici
1268 3779 1362 3841 rolu-

277 3885 345 3944 ere,
360 3870 481 3945 omnia,
501 3875 558 3934 aut
579 3874 745 3958 pleraque,
760 3895 804 3944 ex
820 3879 1024 3944 Dioscorida
1040 3897 1116 3943 eum
1132 3879 1361 3961 descripsisse.

277 3967 367 4033 Nam
382 3988 459 4032 cum
473 3971 574 4048 aiunt,
585 3976 665 4056 qnia
677 3979 792 4044 eadem
808 3981 850 4044 ab
865 3987 1003 4063 utroque
1019 3980 1214 4056 scribantur,
1223 3979 1364 4044 alterurn

278 4069 321 4130 ab
342 4069 447 4134 altero
467 4091 509 4137 ea
530 4077 701 4158 sumsisse,
714 4081 866 4147 inchoare
882 4103 918 4147 se
931 4081 1124 4149 ratiocinari
1138 4098 1203 4144 uon
1215 4079 1364 4144 animad-

279 4175 424 4250 vertunt,
442 4181 477 4238 et
495 4175 636 4243 alteram
651 4185 833 4264 argumenti
848 4193 977 4270 partem
992 4182 1213 4268 imprudenter
1227 4189 1363 4264 prater·
