3056 4878
288 395 354 460 436
652 409 685 458 o.
710 409 828 458 norun
854 409 1014 460 saeuum

290 560 348 618 ant
361 549 530 635 aperturaJ
548 550 661 632 potius
676 551 746 617 alie
758 551 831 617 fata
843 571 919 636 qnae
930 554 1071 631 lateant,
1081 553 1377 618 innumerabilibus

289 655 324 720 in
338 661 477 735 utroque
486 651 631 734 publicis
639 651 846 736 privatisque
860 655 1107 737 experimentis.
1152 653 1377 732 Quamobrem

291 755 358 819 siut
378 754 456 831 ista,
481 759 517 817 nt
538 773 645 817 rernm
663 761 791 818 naturae
807 755 917 832 libuit,
940 755 1018 819 aliis
1034 759 1134 830 certa,
1151 754 1227 819 aliis
1249 753 1380 830 dubia,4

289 855 364 919 aliis
385 855 539 938 probatu,
554 855 629 918 nliis
641 855 846 920 damnanda:
869 875 933 921 uos
950 861 1067 933 cetera,
1088 873 1165 937 qnae
1181 859 1260 918 sunt
1275 851 1377 918 iubis

288 955 527 1031 memorabilia,
537 975 600 1018 non
616 955 815 1021 omittemus.

331 1074 390 1120 nv.
404 1053 515 1141 (mv.)
537 1055 724 1138 Fulgetrnm
740 1057 835 1139 prius
857 1056 956 1133 cerni,
973 1075 1073 1140 quam
1086 1057 1242 1120 tonitrum
1258 1055 1378 1133 audiri,

291 1173 365 1220 cnm
382 1159 479 1223 simul
502 1157 597 1235 fiant,
619 1164 744 1222 certum
766 1163 829 1222 cst.
873 1157 950 1222 Nec
977 1159 1117 1222 mirnmr
1137 1157 1294 1242 qnoniam
1315 1157 1377 1222 lux

291 1259 399 1323 sonitu
419 1258 580 1324 velocior.
624 1259 733 1323 Ictum
757 1267 870 1323 autem
897 1265 931 1324 et
954 1261 1097 1323 sonitum
1111 1277 1307 1340 congruere,
1328 1257 1377 1322 ita

289 1359 480 1424 modulante
492 1367 626 1425 natura:
650 1358 708 1423 sed
732 1360 877 1424 sonitum
889 1361 1030 1443 proiecti
1044 1380 1122 1425 esse
1137 1359 1295 1436 fulminis,
1308 1379 1376 1423 non

290 1459 398 1523 illati·
439 1459 630 1524 Etiamnum
646 1459 822 1543 spiritumb
846 1482 999 1545 ocyorem
1016 1459 1151 1526 fulmine
1166 1481 1173 1520 ε
1190 1459 1269 1524 ideo
1285 1460 1376 1543 quati

290 1560 384 1641 prius
398 1578 495 1624 omne
511 1567 547 1624 et
560 1559 673 1636 efflari,
695 1579 793 1642 quam
808 1562 959 1644 percuti:
983 1581 1045 1626 nec
1069 1579 1258 1645 quenquam
1274 1561 1375 1643 tangi,

290 1661 347 1741 qui
362 1661 451 1742 prior
464 1660 728 1736 rideritsulmen,
743 1667 803 1724 aut
823 1664 949 1726 tonitru
976 1662 1138 1727 audierit.¹
1184 1661 1289 1725 Laeva
1303 1679 1377 1743 pro-

290 1767 404 1840 spera⁸
414 1761 665 1824 existimantur:
681 1762 836 1842 qnoniam
849 1763 939 1827 laeva
952 1769 1047 1845 parte
1062 1761 1175 1826 muudi
1188 1769 1281 1826 ortus
1296 1767 1376 1824 ent.²

291 1857 365 1922 Nec
381 1864 449 1924 tarn
472 1859 637 1924 adventus
659 1863 839 1941 spectatur,
861 1881 962 1945 qnam
985 1863 1126 1927 reditus:
1151 1863 1223 1926 sive
1245 1864 1290 1926 ab
1306 1863 1377 1926 iotu

291 1960 418 2024 resilit³
433 1959 530 2043 iguis,
545 1961 617 2025 sire
634 1980 732 2045 opere
744 1962 909 2041 coniecto,
925 1968 981 2028 aut
996 1965 1070 2046 igne
1085 1969 1262 2028 consumto
1278 1961 1376 2047 spiri·

291 2351 398 2465 Rimul.
417 2351 500 2464 pzisso
511 2348 674 2462 'mem
685 2355 727 2400 ret
737 2355 847 2416 epotum
861 2351 928 2415 prins
937 2352 1042 2402 alin-t
1060 2349 1140 2402 codd.
1151 2349 1242 2401 Delec.
1253 2357 1281 2400 et
1291 2348 1374 2400 Cbilll.

291 2417 325 2465 ι’
361 2422 433 2470 min,
468 2417 504 2462 iar
564 2413 570 2426 ”
586 2445 593 2460 .

323 2479 389 2529 err.
402 2491 444 2526 nr.
462 2482 474 2526 1
487 2479 548 2528 vet.
560 2476 650 2526 belec.
660 2483 702 2526 ret
713 2479 818 2528 mim
832 2479 993 2528 redierit-2
1010 2475 1094 2526 cuim
1104 2477 1185 2527 nendi
1195 2483 1271 2540 oter,
1282 2477 1375 2528 omino

289 2543 324 2602 τῦ
333 2546 425 2591 reb-³
443 2540 485 2590 lte
497 2539 580 2590 cuim.
592 2541 686 2605 aliique
698 2541 772 2592 codd.
783 2557 826 2606 ap.
838 2542 966 2591 llerdnin.
979 2541 1040 2590 item
1058 2541 1117 2590 cdd.
1132 2540 1260 2592 Herduin.
1274 2547 1298 2592 l.
1309 2546 1334 2592 2.
1350 2546 1374 2591 Ι.

290 2607 386 2656 Miller.
398 2605 504 2666 bipont.
515 2613 542 2654 et
554 2605 644 2654 Frena.
661 2606 710 2654 eine
720 2605 807 2656 edicte
822 2608 914 2656 rcrilr'ut
925 2605 986 2654 Ald.
996 2605 1069 2655 Junt.
1081 2605 1160 2653 Bull.
1172 2605 1255 2670 ungu.
1267 2606 1375 2667 Erermi,

290 2669 380 2718 Delec.
393 2669 476 2730 bugd.
489 2672 560 2718 1606.
573 2669 653 2732 Leyd.
664 2667 770 2718 Franks.
782 2671 837 2719 Ele.
849 2677 877 2718 et
888 2671 1001 2720 Gronov.
1014 2667 1096 2716 Panlo
1109 2669 1201 2731 portin
1214 2669 1304 2718 liudem
1315 2668 1374 2719 edd.

293 2733 393 2797 nutriter
403 2738 505 2791 rentem
528 2731 612 2782 cirilli.
631 2733 722 2797 aliique
732 2733 809 2784 codd.
826 2733 964 2788 lierduiui,
975 2731 1036 2781 item
1053 2730 1113 2782 edd.
1131 2729 1259 2783 llerdniu.
1279 2739 1303 2782 l.
1314 2737 1338 2782 2.
1349 2736 1373 2780 ⁸.

783 2941 892 2995 NOTAE

320 3089 395 3140 laer
405 3087 526 3154 aperiero]
542 3087 600 3138 linc
617 3087 681 3138 illud
692 3093 731 3137 eet
742 3087 809 3151 qnod
851 3085 995 3151 praemittat
1011 3083 1127 3148 rpirltue,
1145 3086 1174 3133 et
1189 3091 1248 3146 rget
1264 3089 1325 3133 ente
1336 3097 1371 3145 re,

290 3167 326 3215 eit
336 3165 435 3216 Seneca
447 3165 614 3215 Netonrert.
626 3167 704 3213 rubi.
717 3177 741 3226 p.
753 3165 810 3212 864.
850 3168 878 3212 et
896 3169 995 3224 rtergo
1012 3163 1098 3209 treber
1115 3165 1230 3221 rentum,
1247 3172 1306 3208 cnm
1322 3165 1371 3208 tem

288 3239 451 3295 ‘Summam'
462 3239 552 3303 lnquit.
571 3239 643 3287 ‘eree
657 3237 706 3286 vim
727 3236 810 3286 iulmi·
850 3243 921 3287 verto
932 3237 984 3286 ictu
993 3235 1052 3286 edre
1060 3233 1189 3284 inciderit.
1219 3233 1312 3297 ltaque
1322 3248 1372 3283 om·

289 3329 349 3364 nom
376 3315 505 3378 judicent:
540 3314 598 3378 quir
619 3311 739 3378 quiequid
761 3311 811 3362 alie
849 3313 901 3374 nie,
923 3319 1058 3376 antequam
1081 3309 1219 3372 ferientur,
1247 3309 1371 3360 intremit·

288 3389 453 3456 portendunt,
469 3389 629 3438 interventui
639 3387 751 3436 irrlminir
762 3386 810 3437 tol·
850 3392 913 3436 cunt
925 3386 1024 3435 vibrata
1037 3391 1125 3443 vento,
1135 3399 1211 3448 quern
1230 3381 1297 3448 igni·
1314 3391 1371 3435 eote

289 3467 329 3515 lit.
361 3463 488 3526 Quicquid
511 3463 543 3512 eb
568 3463 615 3512 boc
638 3461 810 3527 portenditur,
849 3457 999 3524 repremit!

288 3539 367 3590 lixum
378 3538 491 3604 σαμε.
880 3533 1097 3599 eliernrrprorpero]
1106 3533 1249 3582 Varronem
1259 3533 1371 3598 execrip·

324 3622 337 3648 ⁸
355 3615 410 3664 Non
427 3611 502 3674 illati]
519 3611 633 3662 Profecti
652 3619 742 3675 epoute
760 3609 809 3660 inl·
848 3612 908 3662 rieee
932 3611 979 3660 boc
1000 3609 1183 3659 loco.Pliniue
1203 3609 1314 3659 ridetur.
1343 3609 1370 3659 1³

288 3687 744 3750 minie,nonrbDiirirrtirirnnrlrei.
759 3687 809 3736 'l'n-
848 3687 915 3737 eninr
941 3687 986 3737 lib.
1007 3699 1034 3734 v.
1055 3685 1254 3748 Epistolicarum
1275 3685 1371 3736 ererr.

288 3761 808 3826 tumbnccepntpleunmeetvrnireimre
847 3761 1041 3836 epndll'ertnm.
1069 3759 1368 3822 ‘numennumen-

288 3838 484 3900 superstitionis,
499 3835 531 3884 de
550 3835 679 3897 fulgurum
690 3835 808 3884 obrerre·
847 3837 913 3900 queit,
928 3835 1000 3885 ‘cnm
1019 3837 1044 3884 lu
1060 3834 1192 3884 meridiem
1210 3840 1324 3897 nocctes,
1339 3833 1371 3883 rd

287 3915 368 3975 tione,
379 3919 407 3962 et
419 3910 574 3960 divinatione
586 3924 632 3972 per
642 3923 681 3958 er.
846 3911 973 3962 ninistram
985 3917 1043 3961 eunt
1055 3917 1143 3972 parter
1155 3907 1242 3959 mnndi
1254 3907 1369 3958 exorien-

319 3984 331 4020 δ
348 3987 482 4036 Etiamnum
492 3983 610 4049 epil-item]
627 3983 730 4045 Adrem,
747 3998 807 4033 ven·
848 3994 903 4037 ter:
932 3985 963 4035 ed
982 3986 1109 4047 dextrum,
1130 3984 1296 4034 accidenter:
1320 3983 1371 4035 frc-

287 4070 352 4120 tum,
363 4061 485 4113 afflatum.
517 4060 615 4109 Seneca
631 4060 678 4110 lon.
692 4059 736 4107 cit
748 4073 806 4120 erp.
846 4059 1029 4122 turbabimur,
1041 4068 1070 4109 ut
1085 4059 1189 4109 riuietre
1207 4059 1313 4109 meliore
1327 4075 1371 4109 en·

287 4141 329 4186 ²0.
342 4152 367 4200 p.
379 4141 436 4186 85²·
468 4133 576 4197 ‘Adjice
588 4149 667 4196 nnuc,
686 4133 752 4196 qnod
766 4147 807 4181 ne·
844 4135 933 4198 epicla,
947 4149 1022 4201 quem
1037 4132 1130 4186 dextre
1147 4147 1205 4184 erre
1222 4135 1369 4186 exirtimen·

287 4224 360 4261 ceree
386 4216 435 4274 ert,
463 4215 493 4258 nt
511 4209 622 4272 impetur
646 4206 759 4257 iulmiuir
781 4214 808 4257 et
847 4207 906 4260 tur.¹
