3006 4874
413 395 547 446 naevio
571 395 613 445 rr.
635 397 752 446 eruar
778 398 963 448 orennrnr.
1157 384 1224 452 ltu

139 545 263 610 tionem
278 544 401 610 edictis
422 563 516 629 slepe
531 517 738 628 prosciderit,
757 565 799 610 ac
817 547 993 614 maledicis
1009 549 1227 628 oratiouibus,

138 653 227 710 teste
242 646 414 724 Suetonio,
429 655 557 729 petrem
579 648 683 711 etiem
704 645 783 710 odio
803 647 960 712 habuisse
982 649 1097 733 palam
1118 649 1228 714 secere

138 766 205 812 uon
220 749 403 830 erubuerim
426 749 548 814 Dionis
562 750 767 814 auctoritate.
804 748 1031 834 Quidl.qu0d
1046 750 1227 834 Imperium

137 867 175 912 se
196 852 284 932 putri
308 855 342 914 et
360 850 454 915 fratri
477 850 625 927 dedisse,
646 849 738 933 quod
768 849 834 913 sibi
856 850 1089 929 reddidissent,
1112 852 1147 914 in
1173 870 1227 916 se-

137 957 219 1014 natu
244 949 354 1016 frome
380 951 535 1034 perfricta
560 957 594 1016 et
618 969 675 1016 ore
698 951 986 1038 impudentissimo
1007 951 1136 1035 jactare
1163 970 1227 1020 nou
1339 965 1344 972 '

137 1050 354 1130 dubitaverit,
369 1061 407 1118 ut
420 1055 576 1129 nesciam,
592 1053 649 1136 qui
672 1051 1009 1136 potuerint-adversm
1032 1054 1139 1136 partis
1154 1051 1228 1117 sau·

137 1156 228 1216 tores
249 1155 353 1218 verba
375 1154 433 1218 illa
449 1153 564 1229 Plinii,
586 1153 745 1232 ‘Quanto
765 1152 900 1218 fratrem
916 1153 1031 1233 amas,'
1055 1153 1097 1218 dc
1112 1153 1228 1218 Domi·

138 1252 219 1315 tiani
233 1273 315 1336 erga
329 1255 441 1319 Titum
457 1273 571 1318 amore
594 1255 686 1320 dieta
700 1254 904 1332 existimare,
927 1255 987 1338 qui
1011 1254 1092 1318 nihil
1107 1255 1227 1331 minus,

137 1371 238 1434 quem
261 1373 372 1419 amere
398 1375 582 1439 quenquam
600 1357 761 1433 novisset,
786 1354 869 1420 nihil
893 1356 1013 1436 magis,
1038 1373 1137 1437 quam
1162 1353 1226 1418 lra-

138 1461 218 1518 trem
239 1455 408 1532 edissena
430 1475 499 1539 que
518 1457 616 1520 unice
639 1461 828 1537 amaretur;
852 1455 948 1538 cujus
963 1473 1040 1536 erga
1061 1454 1227 1520 Domitia-

137 1572 218 1617 num
240 1556 365 1620 amoris
388 1555 573 1638 singularis,
587 1561 710 1639 preter
730 1577 801 1633 ees,
817 1575 902 1642 quas
921 1556 1080 1632 diximus,
1101 1554 1226 1637 siguifi-

138 1653 304 1732 cationes,
319 1655 392 1720 haec
407 1674 540 1740 quoque
556 1656 712 1733 accessit,
727 1657 818 1740 quod
838 1658 869 1722 ei
889 1655 1113 1722 Consulatum
1138 1655 1227 1720 ordi-

122 1755 267 1818 narium
282 1756 347 1820 sibi
370 1756 572 1821 destinatum
591 1757 841 1840 impetraverint
870 1757 992 1840 ltaque
1010 1756 1098 1820 unde
1119 1755 1226 1820 diver-

139 1854 242 1918 timus
256 1855 444 1934 redeuntes,
459 1856 538 1922 Tito
554 1875 652 1921 suum
665 1877 753 1940 opus
768 1856 915 1922 Plinium
925 1873 1135 1938 nuncupasse
1150 1873 1227 1920 con·

140 1953 318 2020 cludamus
341 1957 412 2020 viro
431 1956 589 2039 principi,
617 1976 686 2020 uon
710 1957 818 2021 solum
845 1956 1043 2040 Imperatori
1059 1954 1227 2036 'dignitate

139 2073 245 2138 prope
266 2056 403 2139 aequali,
418 2064 453 2121 et
475 2057 674 2142 Imperatori
691 2057 866 2138 designato
883 2077 892 2136 3
922 2076 1033 2122 verum
1046 2056 1147 2120 etiam
1162 2056 1228 2120 La·

138 2157 208 2220 tine
224 2176 265 2222 ac
276 2157 396 2222 Graeoe
411 2157 650 2231 licentissime,
667 2155 827 2238 singulari
844 2155 1005 2220 memoria
1019 2153 1228 2233 felicissimo,

139 2265 176 2320 et
187 2257 318 2338 ingenio
332 2257 375 2321 ad
391 2247 576 2335 dicendum,
588 2257 641 2321 vel
652 2274 697 2320 ex
709 2264 859 2340 tempore
871 2257 993 2320 soluta*
1007 2255 1156 2320 oratione
1170 2263 1229 2323 uui

139 2358 287 2422 carmine
302 2358 524 2440 paratissimo,
540 2357 825 2438 eloquentissimo,
841 2355 1073 2436 ditissimoque
1091 2355 1228 2436 insigni·

139 2460 206 2522 bus
221 2451 518 2534 bibliothecis,'cui
540 2459 575 2521 in
603 2456 807 2522 Praeiatione
828 2456 925 2522 alieni
947 2456 1075 2520 laboris
1097 2453 1228 2539 expila-

141 2566 229 2624 tores
245 2557 378 2623 Plinius
388 2558 541 2622 iudicans
552 2557 690 2622 scribit:
713 2557 827 2622 ‘Scito
844 2555 1065 2620 conferentem
1078 2574 1133 2620 mc
1150 2575 1229 2620 aue·

139 2666 228 2724 tores
254 2657 546 2742 deprehendisses
562 2655 783 2740 juratissimis
798 2660 831 2718 et
847 2655 1015 2738 proximis
1033 2661 1159 2720 veteres
1172 2656 1229 2722 de·

139 2761 285 2843 scriptos
297 2759 484 2824 adverbum
496 2775 602 2840 neque
612 2759 801 2821 nominatos
811 2755 832 2820 ε’
845 2757 1029 2838 quosgravi
1041 2757 1229 2839 paulopost

141 2859 390 2943 reprehensione
418 2858 510 2942 apud
538 2857 682 2920 eundem
716 2861 855 2920 notatos
884 2855 1057 2920 damnavit
1080 2857 1115 2920 iu
1142 2858 1228 2922 bunc

141 2961 295 3024 nrotlum:
318 2959 488 3024 ‘Obnoxii
507 2958 659 3042 prolecto
684 2957 796 3034 animi,
821 2964 920 3039 atque
943 2956 1086 3020 infelicis
1108 2958 1229 3040 ingenii
1322 2991 1329 3008 ·

141 3069 192 3124 est
220 3061 256 3124 iu
270 3060 370 3126 ¹furto
405 3059 605 3144 deprehendi
633 3058 744 3135 melle,
767 3077 868 3141 quum
896 3065 1047 3122 mutuum
1071 3057 1229 3124 reddere-²

142 3161 234 3226 Haee
258 3162 336 3226 velo
351 3181 422 3234 vos,
438 3162 571 3239 Patres,
596 3161 785 3243 perspicere
806 3158 993 3241 diligenter,
1008 3167 1044 3224 et
1062 3161 1229 3226 mentibus

141 3262 264 3328 vestris
286 3262 415 3340 intueri,
429 3281 530 3347 quam
553 3261 731 3326 verisimile
756 3261 802 3324 sit
823 3260 966 3325 Plinium
987 3260 1109 3326 adduci
1132 3267 1228 3343 potu-

141 3365 224 3441 isse,
239 3366 277 3426 ut
298 3370 457 3445 speraret,
476 3381 578 3445 quam
593 3381 616 3425 a
628 3381 679 3438 se,
691 3380 713 3426 a
727 3362 855 3425 nemine
871 3379 1016 3443 nuquam
1032 3361 1166 3438 lectum,
1180 3362 1229 3426 vi.

144 3483 230 3540 sum,
247 3471 308 3528 aut
321 3464 471 3528 anditum
486 3464 538 3542 iri,
561 3462 653 3547 quod
667 3463 743 3546 ipse
763 3481 848 3545 opus
865 3460 1063 3528 Dioscorlde
1079 3463 1228 3546 exscrip-

142 3565 254 3642 sisset,
273 3583 314 3629 ac
337 3564 517 3630 confideret
538 3566 573 3629 in
595 3563 811 3647 amplissimis
826 3563 993 3648 Principis
1008 3564 1229 3630 Bibliothecis

141 3683 221 3730 eum
235 3665 353 3730 ceteris
368 3666 585 3749 scriptoribus
600 3667 688 3732 idem
704 3673 763 3732 aut
777 3671 845 3731 tum
859 3685 923 3730 uon
937 3683 1039 3749 posse
1053 3667 1227 3744 numerari,

143 3773 204 3830 aut
215 3765 359 3849 pesthno
380 3767 560 3850 importari,
574 3767 627 3831 vel
641 3787 683 3833 ex
698 3767 841 3832 literatis
857 3767 950 3844 viris,
963 3785 1047 3850 quos
1062 3773 1129 3832 tam
1144 3767 1229 3830 mul-

143 3873 199 3930 tos
213 3865 556 3934 honorificentissimis
570 3869 717 3952 p'raemiis
733 3867 875 3934 Romam
887 3867 1120 3951 Vespasianus
1134 3866 1229 3930 undi-

143 3975 209 4051 que'
239 3968 422 4046 exciverat,
452 3970 617 4034 nemiuem
642 3969 800 4046 futurum,
824 3971 881 4053 qui
907 3969 1141 4034 Dioscoridem
1166 3966 1228 4031 ali·

144 4067 277 4152 maudo
304 4069 359 4133 vel
383 4069 535 4147 vidisset,
564 4068 616 4134 vel
635 4071 793 4135 nominari
813 4069 1006 4136 audivisset.
1050 4067 1128 4146 Qua
1154 4087 1227 4152 spe,

147 4187 281 4254 quaque
294 4167 419 4234 fiducia
434 4171 579 4236 Plinium
595 4171 716 4254 siquis
731 4172 851 4236 lurtum
866 4177 934 4236 tum
950 4169 1156 4236 commisisse
1171 4189 1228 4234 cx·

208 4286 294 4350 neap.
307 4291 329 4336 ct
344 4287 403 4335 Vnr.
414 4287 477 4336 Clas.
649 4287 751 4337 Plinius.
1136 4286 1162 4334 li
