3006 4874
441 391 574 444 enemo
598 392 637 441 ιι.
660 393 776 443 rrum
799 393 983 444 creamur.
1182 377 1248 446 129

157 541 263 604 ruanis
291 538 509 622 Imperatoris
535 559 555 603 a
580 537 694 604 Zarba
717 537 921 613 restitutam,
946 535 987 602 de
1013 535 1147 602 nomine
1169 537 1245 622 ejus

157 641 372 706 Anazarbnm
387 640 593 723 appellatam
608 657 685 704 esse
698 638 825 704 scribit.
863 637 1088 716 Quamobrem
1101 649 1245 722 nonest,

157 761 216 808 cur
230 750 291 807 ant
304 741 507 824 antiquiores
528 741 643 806 Nerva
663 739 843 823 scriptores
859 738 1027 805 Anazarbi
1048 741 1173 808 nullum
1197 744 1246 811 se·

157 845 243 908 cisse
265 843 414 920 verbum,
438 842 636 908 Strabonem
659 842 810 925 inprimis
830 840 1129 923 diligentissimum,
1144 846 1245 913 Porn-

156 945 292 1029 poniunr
316 943 455 1021 Melam,
470 952 505 1006 et
527 944 674 1008 Plinium
688 942 852 1020 miremur,
867 952 926 1006 aut
940 963 998 1008 cur
1012 943 1244 1014 Dioscoridem

157 1046 393 1110 Anazarbeum
408 1046 471 1109 sub
487 1043 637 1109 Antonio
653 1050 687 1109 et
700 1031 881 1127 cleopatra
895 1045 1023 1110 vixisse
1046 1044 1080 1112 in
1096 1048 1244 1134 AEgypto

156 1146 400 1222 existimemus,
416 1166 437 1212 a
452 1147 573 1229 quibus
588 1145 630 1210 nd
654 1146 688 1210 N
690 1165 778 1211 erveo
801 1165 908 1230 usqne
928 1147 1149 1232 principatum
1164 1151 1250 1216 anni·

156 1254 300 1332 quatuor
318 1267 420 1331 supra
444 1254 573 1314 centum
595 1254 821 1325 numerantur,
843 1247 921 1326 nisi,
948 1247 1037 1331 qnod
1058 1249 1184 1317 dictum
1203 1253 1244 1316 iri

156 1369 176 1414 a
194 1351 323 1414 nemine
337 1353 445 1414 certus
460 1369 547 1428 sum,
566 1349 714 1432 AEgyptii
735 1350 984 1432 praesentientes
999 1348 1160 1430 Gyindam
1184 1354 1245 1416 ali·

156 1451 288 1534 quando
302 1457 432 1517 mutato
445 1452 579 1516 nomine
595 1450 843 1515 Diocaesaream
862 1445 1017 1529 primum,
1032 1467 1114 1513 mox
1136 1470 1156 1516 a
1178 1459 1243 1518 ter-

155 1557 294 1617 raemotu
309 1569 460 1617 eversam
475 1571 496 1614 a
507 1550 630 1625 Zarba,
645 1554 703 1612 ant
717 1547 865 1626 Anarba,
879 1553 938 1614 aut
951 1548 1132 1615 Anazarbo
1146 1556 1243 1619 resti·

156 1660 264 1720 tutam
290 1651 506 1716 Anazarbum
536 1647 707 1732 posteriori
737 1648 863 1713 saeculo
899 1648 1135 1732 appellandam
1156 1654 1241 1736 lore,

156 1751 389 1820 Dioscoridem
408 1750 652 1825 Anazarbeum,
667 1767 766 1844 quam
788 1749 965 1834 Gyindum,
987 1760 1047 1817 aut
1068 1753 1242 1826 Diocaesa-

155 1857 292 1921 rieusem
304 1872 424 1918 auocare
436 1853 592 1918 maluere.
616 1850 705 1918 fleo
719 1854 749 1918 si
758 1871 837 1918 vera
851 1858 938 1924 suut,
952 1873 1030 1938 quae
1041 1855 1240 1941 Stephanus,

156 1976 230 2040 qnae
246 1955 463 2032 Hermolaus,
476 1951 676 2019 Ammianus
690 1955 920 2033 Marcellinus,
934 1961 967 2020 et
987 1955 1110 2022 Snidas
1131 1964 1242 2045 prodi.

155 2059 244 2135 dere,
272 2057 302 2120 si
325 2057 517 2121 auctoribus
542 2055 677 2119 minime
702 2055 952 2122 contemnendis
979 2059 1140 2140 nituntur,
1166 2067 1241 2147 quis

156 2159 244 2226 adeo
267 2157 422 2241 stupidus
439 2163 500 2235 est,
516 2157 602 2222 adeo
616 2176 739 2241 expers
755 2157 892 2224 rationis
912 2160 972 2240 qui
992 2179 1060 2225 non
1081 2173 1243 2244 agnoscat

155 2260 383 2325 innocentiam
399 2258 502 2322 Plinii
517 2258 634 2335 nostri,
649 2275 691 2322 ae
704 2275 810 2341 prope
820 2255 887 2321 fide
901 2259 1036 2324 oculata
1046 2263 1167 2328 sentiat
1179 2264 1241 2328 ini·

155 2363 316 2446 unissime
330 2361 373 2424 de
385 2361 587 2444 transcripto
602 2357 802 2423 Dioscoride
816 2357 956 2424 eundem
976 2361 1019 2424 ab
1040 2361 1241 2430 adversariis

154 2461 261 2528 fuisso
283 2462 508 2526 accusatnml
534 2479 675 2544 qnorum
701 2463 889 2541 argumento
915 2459 945 2524 si
972 2460 1025 2524 vis
1048 2461 1120 2526 nlla
1142 2463 1241 2542 inest,

156 2565 184 2628 si
209 2562 315 2628 ullum
343 2566 599 2640 monumentum,
627 2560 871 2640 Dioscoridem,
903 2581 969 2626 non
998 2561 1153 2639 Plinium,
1173 2565 1242 2630 sur·

156 2671 227 2728 turn
249 2662 458 2730 commisisse
482 2663 581 2728 latori
605 2681 744 2728 necesse
766 2669 828 2726 est.
872 2661 1013 2728 Aiebant
1034 2667 1119 2730 enim
1141 2665 1242 2733 idcir·

156 2783 199 2830 co
213 2783 259 2830 ex
278 2763 474 2829 Dioscoride
496 2764 653 2848 pleraque
672 2762 818 2828 Plinium
841 2763 1067 2846 descripsisse,
1088 2765 1167 2848 quia
1186 2769 1242 2834 ille

156 2871 233 2930 ante
243 2865 400 2944 floruerit,
412 2885 512 2950 quam
522 2866 578 2930 lric
586 2872 785 2930 nasceretur.
816 2865 927 2942 Nune,
941 2865 1098 2947 qnoniam
1111 2865 1241 2932 Plinius

158 2985 202 3030 ex
221 2967 286 3030 lrac
309 2965 378 3030 vita
400 2966 491 3050 prius
513 2967 672 3044 excessit,
692 2984 791 3049 quam
809 2964 1027 3030 Dioscorides
1048 2985 1243 3048 agnoscere·

156 3071 220 3145 tur,
235 3067 286 3146 fir,
301 3072 338 3132 ut
350 3067 405 3132 hic
422 3068 564 3134 Plinium
579 3075 728 3132 nostrum
741 3066 954 3149 expilarerit,
963 3069 1021 3151 qni
1035 3075 1113 3133 ante
1128 3069 1243 3135 condi-

156 3175 227 3234 tum
254 3167 468 3234 Anazarbum
491 3170 592 3234 vitam
630 3185 707 3232 cnm
740 3175 847 3232 morte
877 3170 1136 3246 commutaverit,
1166 3189 1242 3235 cum

155 3270 224 3342 ille,
233 3269 387 3334 restituta
399 3289 460 3352 per
473 3268 640 3336 Auarbum
652 3268 838 3346 Anauauba,
851 3269 892 3332 de
908 3272 1025 3353 patri·
1039 3271 1173 3335 nomine
1182 3291 1243 3353 ap·

157 3367 301 3454 pellatus
315 3366 544 3446 Anazarbeus,
554 3372 617 3434 sub
633 3370 758 3434 initium
770 3369 905 3450 'l'rajani
918 3370 1121 3452 principatus
1136 3373 1242 3455 scrip-

158 3469 248 3537 serit.
293 3467 419 3533 Iisdem
442 3487 504 3550 ego
525 3470 711 3533 rationibus
733 3487 924 3549 persuasus,
939 3469 1053 3534 Suidre
1068 3470 1241 3536 lectionem

158 3579 193 3639 ut
207 3571 339 3638 credam
350 3587 425 3634 esse
439 3570 587 3634 vitiatum
602 3567 702 3632 facile
717 3567 883 3632 adducor:
899 3569 996 3633 valde
1007 3569 1093 3634 enir'n
1106 3589 1243 3636 consen·

158 3681 291 3740 ίαιιοιιιιι
305 3670 438 3738 videtur
450 3670 581 3746 rationi,
596 3675 634 3734 ut
648 3667 770 3733 Suidas
785 3668 872 3732 haud
890 3671 1024 3751 ignarus
1040 3672 1200 3754 temporis
1222 3691 1243 3736 a

154 3775 273 3862 ,Zarba
284 3773 448 3856 collapsae
466 3770 692 3836 Diocaesarea
708 3771 882 3848 restitutae,
895 3779 929 3836 et
943 3772 1086 3836 nominis
1101 3771 1134 3833 in
1150 3770 1244 3836 Anu·

159 3876 295 3942 narbam
309 3872 440 3951 mutati,
449 3891 524 3936 enm
536 3871 780 3948 Dioscoridem,
794 3872 924 3956 quisub
938 3871 1085 3938 Antonio
1095 3880 1130 3937 et
1145 3872 1244 3938 Cleo-

159 3985 257 4060 patra
270 3974 306 4038 in
319 3972 466 4058 AEgypto
480 3973 634 4050 uixisset,
649 3973 758 4056 patria
772 3971 1003 4038 Anazarbeum
1018 3973 1150 4053 secisse,
1166 3993 1244 4057 qnae

162 4083 241 4161 post
262 4091 366 4142 anum
379 4075 423 4138 ab
439 4074 570 4139 illorum
584 4074 771 4159 principum
786 4073 916 4140 interitu
932 4075 1094 4140 saeculum
1109 4074 1245 4140 condita

161 4179 291 4242 luisset.
346 4175 466 4258 Itaque
485 4174 581 4258 hujus
605 4174 692 4242 adeo
709 4173 888 4242 manifesta
902 4183 938 4240 et
951 4175 1097 4242 enormis
1112 4184 1245 4244 contra·

224 4293 313 4358 Delplr.
321 4295 345 4343 et
358 4291 416 4344 Vur.
426 4293 491 4344 clar.
655 4291 758 4342 Platea
1167 4291 1182 4342 1
