3016 4876
263 365 307 434 66
603 381 652 430 nn
674 381 708 430 c.
732 380 851 430 nurum
876 379 1014 430 stram

263 530 330 603 cet,
343 533 381 590 ut
395 521 558 588 indicaret
574 540 615 587 eo
629 522 728 589 modo
744 541 782 586 se
798 521 966 588 Catullum
981 518 1272 585 ‘conterraneum'
1293 537 1348 584 ec-

262 626 384 708 cipere,
405 643 473 708 quo
494 625 530 688 in
550 625 671 689 cestris
693 628 867 707 usurpatur
887 623 1036 706 ejusdem
1050 613 1233 705 prouinciae
1251 621 1348 702 signi·

261 723 387 790 licendi
402 725 521 791 milites
536 744 650 802 cause,
671 733 707 789 et
722 723 859 808 perinde
882 743 922 789 ac
938 727 969 790 si
989 725 1023 788 in
1038 724 1157 787 castris
1171 720 1350 798 extitisset,

262 828 367 891 verbo
382 828 516 891 minime
541 826 674 903 Latine
696 845 759 890 nec
782 845 922 910 usquam
943 844 965 889 a
983 825 1114 889 Latinis
1129 823 1348 905 scriptoribus

260 933 406 1010 recepto,
421 945 530 1003 nsum,
546 925 827 991 ‘conterraneum’
850 946 946 990 snum
965 925 1130 991 Catullum
1149 925 1289 1004 dixisse,
1304 941 1348 988 ex

262 1027 378 1092 eadem
393 1035 453 1092 aut
466 1027 577 1104 ltalia,
592 1034 661 1102 eut,
676 1027 764 1110 quod
776 1027 988 1091 verisimilius
997 1037 1060 1103 est,
1074 1025 1171 1090 ltalia
1182 1025 1349 1108 transpe-

261 1129 362 1207 dane,
386 1128 438 1192 vel
454 1126 567 1192 Gellia
582 1127 766 1210 Cisalpine,
787 1135 844 1192 aut
862 1127 1003 1210 Togata,
1026 1134 1085 1192 eut
1097 1126 1348 1208 Transpadana.
1403 1203 1405 1208 ,

263 1227 333 1294 Hic
347 1229 443 1312 erigit
457 1247 494 1292 se
509 1228 691 1306 Pentheus,
714 1249 822 1295 urcem
838 1247 882 1292 ex
897 1230 1013 1294 cloaca
1025 1229 1148 1294 secisse
1164 1247 1225 1292 nos
1239 1235 1348 1310 putet,

262 1339 298 1394 et
319 1329 475 1412 gloriatur
497 1330 694 1394 auctoritate
716 1329 821 1394 Plinii
843 1335 877 1394 et
898 1328 1073 1394 Ptolemaei
1103 1349 1166 1394 nos
1191 1329 1347 1394 convinci

260 1431 469 1513 apertissime
490 1430 626 1494 erroris:
647 1430 701 1495 hic
724 1449 865 1514 numque
888 1432 952 1495 sub
976 1429 1113 1495 Venetis
1137 1431 1347 1495 Veronenses

253 1534 366 1607 'refert
381 1530 654 1596 Novocomenses
668 1532 731 1595 sub
747 1531 963 1598 Insubribus:
979 1528 1035 1596 ille
1050 1531 1222 1596 Naturalis
1232 1531 1349 1598 Histe-

260 1633 320 1697 rim
335 1633 420 1697 libro
434 1633 530 1697 tertio
545 1631 686 1696 Comum
699 1641 733 1696 et
750 1630 979 1697 Mediolanum
993 1633 1028 1696 in
1043 1631 1153 1696 ltaliae
1175 1632 1349 1697 undecima

260 1735 392 1815 regione
421 1732 613 1810 collocavit,
636 1729 818 1811 Veronam,
845 1733 1008 1805 Brixiam,
1032 1732 1292 1798 accrementum
1314 1734 1348 1796 in
1376 1719 1378 1724 ’

262 1833 394 1899 decime
407 1833 586 1897 recensuit.
629 1833 774 1898 Possem
788 1833 964 1898 excludere
980 1833 1166 1899 Pantheum
1180 1833 1349 1898 subtersu-

262 1936 354 2018 glus
379 1939 616 2015 argumentum,
636 1934 700 1998 bac
722 1933 830 1998 Italiae
854 1933 1016 1999 divisione
1041 1935 1165 2018 rejects
1189 1945 1348 2019 tanquam

261 2037 453 2119 depravate,
468 2035 558 2116 quod
574 2033 633 2098 alii
646 2034 788 2115 regionis
809 2035 1027 2100 ‘undecimae’
1040 2037 1117 2100 loco
1132 2037 1289 2104 fuonam'
1302 2037 1348 2101 le·

261 2143 352 2218 gent,
373 2147 408 2202 et
434 2136 622 2202 ‘decimam
646 2132 870 2198 undecimam'
893 2135 1026 2212 faciant,
1048 2137 1228 2202 autetiam
1250 2137 1348 2202 aliter

261 2238 435 2322 legendnm
451 2245 582 2322 putent.
624 2235 692 2301 Sed
707 2235 815 2299 valeat
829 2235 892 2300 hoc
905 2237 1138 2318 patrocinium,
1153 2236 1253 2318 quod,
1268 2237 1348 2302 licet

261 2340 344 2404 satis
359 2339 531 2421 probabile
545 2338 602 2416 sit,
622 2336 702 2400 mihi
724 2335 853 2400 infirmo
869 2337 953 2401 satis
967 2337 1184 2402 fundamento
1198 2339 1348 2404 innixum

245 2441 248 2450 ’
261 2439 405 2516 videtur,
425 2457 501 2502 cnm
521 2438 594 2502 haec
616 2436 725 2501 omnis
739 2436 911 2519 regionum
924 2438 1050 2502 numeri
1063 2437 1290 2504 controversia
1304 2440 1349 2504 sit

261 2539 487 2604 emendatoris
501 2537 656 2602 mendum
668 2537 863 2611 inducentis,
874 2557 939 2602 non
950 2539 1107 2604 auctoris.
1151 2539 1348 2605 Hocverins

263 2641 382 2717 sentio,
396 2639 532 2704 Italiam
545 2639 695 2721 pluribus
711 2638 792 2702 olim
809 2638 917 2703 tnodis
930 2641 1082 2721 antiquos
1092 2641 1249 2705 divisisse
1261 2661 1271 2718 ς
1287 2661 1348 2706 un·

261 2739 302 2804 de
314 2737 452 2816 Plinius,
465 2738 636 2802 Naturalis
649 2736 808 2803 Historiae
821 2740 904 2804 libro
916 2741 1024 2818 tertio,
1042 2742 1156 2824 capite
1167 2743 1297 2824 quinto,
1309 2763 1346 2807 se
1379 2807 1383 2812 ,

259 2839 515 2923 descriptionem
530 2838 636 2904 Italiae
652 2840 695 2903 eb
710 2837 862 2922 Augusto
877 2841 1001 2906 lactem
1017 2842 1114 2925 sequi
1123 2843 1274 2925 prolatus
1284 2849 1346 2922 est,

260 2959 302 3004 ne
324 2941 435 3023 plnres
455 2939 636 3004 divisiones
657 2941 776 3005 lectori
799 2950 857 3006 aut
878 2943 1074 3025 imponeret,
1096 2951 1155 3006 aut
1178 2945 1345 3026 impositm

259 3039 380 3103 falsum
393 3036 499 3102 videri
514 3058 552 3103 se
567 3038 723 3103 iacerent.
767 3039 852 3103 Cum
866 3042 979 3124 itaque
993 3043 1144 3124 pluribus
1159 3041 1264 3107 Italia
1278 3063 1348 3108 mo-

260 3139 316 3204 dis
331 3139 542 3217 diuideretur,
558 3139 643 3204 elius
658 3140 759 3204 aliem
772 3142 906 3207 arbitrio
921 3161 985 3207 suo
1000 3143 1195 3206 divisionem
1207 3152 1347 3209 secutus

261 3247 321 3315 est,
336 3257 377 3304 ne
400 3240 554 3304 miremur
575 3241 697 3306 milites
714 3243 746 3304 in
763 3243 853 3306 verbi
875 3243 1141 3309 ‘conterraneus'
1160 3245 1345 3325 significatu

259 3343 360 3407 eliam
374 3341 539 3425 quendam
555 3341 663 3406 Iteliae
679 3340 890 3419 divisionem,
912 3361 977 3406 non
993 3341 1147 3424 Augusti,
1161 3354 1296 3408 secutos
1311 3346 1345 3409 in

260 3442 378 3508 castris
396 3444 512 3518 fuisse,
526 3461 610 3525 quos
624 3442 834 3506 verisimilius
852 3451 992 3508 estante
1007 3441 1194 3525 Augustum
1211 3447 1345 3508 verbum

260 3540 530 3606 ‘conterraneus'
555 3542 710 3606 libertate
731 3542 867 3606 militari
889 3563 980 3625 saepe
1001 3551 1207 3624 usurpatum,
1230 3544 1344 3610 eadem

258 3643 409 3708 libertate
422 3650 503 3724 post
518 3640 712 3722 Augustum,
735 3642 809 3724 ejus
824 3643 977 3725 neglecta
992 3644 1225 3727 descriptione,
1240 3645 1275 3708 in
1287 3665 1346 3710 ee·

259 3741 337 3806 dem
353 3741 595 3822 significatione
611 3742 826 3824 accipientes,
847 3745 1015 3827 antiquam
1030 3745 1229 3809 divisionem
1249 3747 1345 3811 intel-

153 3923 155 3930 .
258 3844 405 3911 lexissct
420 3861 489 3924 qua
504 3842 631 3906 ratione
655 3841 755 3924 hujus
779 3844 871 3907 verbi
887 3845 1104 3924 significatam
1119 3843 1161 3908 ed
1176 3846 1343 3927 regionem

257 3945 396 4009 relatum
413 3941 447 4008 N
448 3960 687 4008 orocomenses
708 3961 748 4007 ee
764 3944 986 4022 Veronenses,
1006 3945 1095 4029 quod
1109 3944 1144 4010 bi
1161 3965 1273 4024 unum,
1296 3947 1345 4011 al·

258 4045 320 4106 teri
335 4045 469 4108 alteram
484 4061 587 4127 penes
603 4040 790 4125 Augustum
806 4046 968 4127 regionem
983 4051 1129 4122 teneant,
1149 4045 1216 4110 levi
1231 4046 1344 4111 edmo-

256 4143 338 4210 dum
356 4153 545 4229 argumento
566 4145 841 4229 comprehendere
862 4145 1033 4213 Pentheus
1053 4146 1202 4228 negavit.
1245 4147 1343 4214 Dixi·
