3016 4876
258 366 280 430 2
713 372 905 424 nersrenn.

259 517 331 586 sive
342 517 525 596 ioederatis,
539 501 688 600 atque‘iu
700 534 776 580 aree
791 515 869 598 ipsa
881 515 1059 593 haereseos,
1069 513 1244 580 restitutul
1266 507 1350 596 quiri

255 641 365 706 nuper
393 619 530 686 remissa
553 625 677 703 sponte,
698 615 800 681 semel
827 617 1008 700 iterumque
1032 615 1241 698 vectigalium
1270 631 1349 698 pars

257 721 346 788 hand
362 722 510 804 exignal
534 719 614 804 qnid
633 724 682 784 tot
696 717 856 783 nobilium
872 725 999 793 tnrmae,
1019 717 1082 782 boe
1096 725 1159 793 est,
1172 735 1251 800 spes
1267 714 1350 780 Gal-

179 829 184 837 '
254 825 312 890 liei
327 824 469 888 nominis
494 841 534 886 ae
549 820 692 897 roboris,
713 818 757 884 ad
779 817 966 885 subsidium
987 818 1159 894 bellorum,
1187 815 1228 880 ed
1252 815 1349 899 pacis

256 933 497 1001 ornamentum,
518 923 618 1003 regiis
640 919 870 1001 largitionibus
891 918 971 984 altae
985 926 1020 982 et
1035 917 1210 982 educatael
1255 915 1350 996 Quid

255 1027 341 1091 inter
355 1025 551 1106 gravissime
564 1021 664 1098 bella,
681 1019 890 1095 Batanicnm,
903 1019 1088 1110 Belginum,
1103 1017 1350 1095 Germanicum,

256 1125 491 1210 Sequanionm,
506 1123 666 1199 Siculum,
684 1120 920 1205 Hispaniense,
934 1119 1163 1204 Argestaeum,
1177 1119 1350 1184 America-

254 1247 344 1303 num,
366 1225 501 1307 absque
516 1225 588 1288 sine
603 1223 673 1287 ulla
688 1220 869 1286 offensione
885 1221 1050 1298 coniecta,
1073 1239 1201 1285 summa
1221 1220 1349 1284 interim

127 1359 132 1368 ·
256 1328 377 1395 Galbae
393 1325 638 1409 tranquillitssl
662 1323 742 1408 quid
764 1322 909 1388 felicitas
931 1322 1066 1407 publiea
1090 1321 1132 1384 de
1149 1321 1347 1384 Lnnovroo

254 1429 396 1493 Manno
412 1427 502 1492 orodi
522 1425 613 1491 aliud
627 1425 708 1490 sinit
723 1445 764 1491 ae
782 1423 895 1508 jubet,
910 1444 1010 1508 quarn
1025 1423 1088 1488 etsi
1104 1423 1135 1486 is
1147 1421 1238 1485 omni
1255 1422 1347 1502 regia

255 1530 333 1594 dote
348 1527 460 1612 pollet,
475 1533 543 1592 tum
558 1526 702 1592 maxime
717 1533 826 1591 temen
840 1527 1024 1590 eommunis
1041 1523 1185 1587 omnium
1201 1522 1348 1606 parentis

255 1621 321 1694 Dei
336 1628 499 1694 vicarium
525 1619 674 1710 agnosci,
696 1635 773 1691 enm
787 1633 822 1692 et
843 1645 880 1690 se
902 1626 1019 1710 patriae
1035 1630 1204 1708 parentem
1224 1642 1349 1708 appro-

254 1731 324 1808 bat,
344 1738 378 1794 et
392 1731 427 1794 in
449 1728 579 1793 deliciis
601 1728 766 1802 subditos,
788 1744 850 1792 ceu
875 1727 1008 1803 liberos,
1030 1724 1158 1790 habeti
1205 1723 1295 1788 Dum
1311 1732 1349 1788 tu

130 1853 137 1866 ·
253 1832 393 1908 interim,
416 1830 620 1895 Densnrsn
637 1843 790 1904 onrrns,
811 1828 1001 1910 ingentibus
1015 1825 1166 1908 vestigiis
1179 1827 1283 1909 patn's
1296 1828 1347 1890 in-

255 1930 366 1995 sistis:
389 1948 429 1994 ae
447 1930 558 1994 tristes
571 1928 698 2012 alioqui
718 1929 845 1993 futuras
867 1929 930 1992 bec
951 1931 1151 2011 tempestate
1163 1925 1346 1992 Camoenns

254 2030 447 2113 respiciens,
467 2029 598 2105 fovens,
625 2033 826 2106 sustentans,
850 2034 884 2094 ut
898 2028 993 2104 iacis,
1016 2046 1078 2106 nos
1099 2046 1141 2091 eo
1157 2028 1257 2090 veluti
1272 2045 1349 2109 pro-

253 2129 347 2202 ludio
368 2131 410 2194 ad
426 2129 589 2212 majorum
609 2130 786 2194 etiamnum
811 2149 906 2212 spem
932 2147 1042 2194 rerum
1062 2127 1204 2204 excitas,
1226 2128 1349 2212 quibus

253 2239 394 2316 petrem,
416 2237 561 2313 quantus
583 2237 729 2313 quantus
753 2239 817 2308 est,
839 2238 897 2295 tun
924 2231 1047 2315 pariter
1071 2228 1197 2294 smeulo
1227 2247 1348 2312 repres-

253 2337 375 2400 sentes.
433 2331 587 2398 Delicias
614 2333 782 2396 enimvero
817 2331 946 2413 gennis
981 2331 1140 2408 humani,e
1176 2330 1348 2395 literarum

253 2434 431 2510 alumnum,
459 2451 501 2500 se
527 2433 718 2498 nutritorem
743 2433 904 2498 bonarum
932 2431 1065 2508 artium,
1095 2450 1188 2494 nune
1210 2431 1241 2494 si
1270 2432 1347 2513 quis

253 2533 413 2618 appellet:
436 2551 481 2598 an
502 2531 618 2596 Titum
630 2532 660 2596 is
678 2530 845 2598 iudicasse
860 2531 981 2615 magis,
997 2551 1099 2618 quam
1113 2540 1158 2609 te,
1175 2531 1348 2596 existime-

253 2640 324 2702 tur:
344 2634 402 2698 eni
423 2632 487 2698 has
507 2632 756 2716 appellationes
776 2640 827 2700 tot
848 2635 950 2698 dotes
972 2635 1124 2716 egregiae,
1146 2639 1198 2697 tot
1221 2632 1348 2697 eximia

253 2734 288 2800 ln
302 2734 414 2801 orbem
438 2733 632 2802 universnm
656 2737 837 2816 promerita
862 2735 1043 2801 asserunt't
1091 2733 1136 2798 Ut
1150 2734 1275 2798 eander
1289 2734 1349 2798 illo

253 2834 368 2910 animi,
389 2842 429 2899 nt
452 2834 513 2900 illa
535 2835 688 2900 suavitas
713 2855 852 2915 murum,
871 2843 937 2902 tum
956 2845 1036 2920 apte
1058 2835 1347 2902 conveniensenm

253 2935 318 3002 bae
343 2934 554 3001 Serenissimi
578 2935 813 3019 appellatione,
844 2957 921 3021 quse
949 2937 1000 3001 tui
1020 2936 1172 3019 legitima
1193 2934 1347 3018 praelatio

253 3045 317 3114 est,
339 3035 418 3100 dum
445 3033 637 3118 Majestatis
658 3055 779 3102 nomen
800 3043 991 3121 perseverat
1010 3038 1045 3103 in
1067 3044 1182 3121 patre:
1203 3043 1243 3100 ut
1261 3035 1348 3113 haee,

254 3136 400 3218 iuquam,
426 3136 552 3224 deeora
580 3143 680 3222 atque
704 3139 860 3222 insignia,
889 3139 974 3204 trane
1000 3137 1236 3222 sempiternam
1265 3138 1349 3213 fore,

254 3255 320 3318 qna
335 3240 447 3303 restro
467 3253 553 3302 nuno
565 3235 728 3304 beneficio
741 3239 893 3316 fruimur,
906 3259 1025 3324 pacem
1048 3239 1346 3321 serenitatemque,

252 3335 343 3401 baud
367 3335 466 3400 dubie
489 3338 749 3422 appromittunt!
771 3347 812 3404 ut
835 3339 949 3423 palem
971 3342 1045 3406 haee
1062 3337 1297 3405 lacinntbsnd
1313 3345 1346 3403 te

253 3436 361 3518 magis
375 3436 420 3501 ud
436 3435 561 3503 Galliae
576 3439 781 3521 presidium,
804 3459 905 3525 qnam
921 3447 1076 3506 terrerum
1091 3441 1164 3506 orbi
1187 3439 1230 3505 ad
1255 3457 1349 3504 amo*

254 3558 336 3617 rem,
366 3537 409 3602 ad
436 3538 589 3616 delicias,
624 3539 668 3605 ad
693 3544 952 3619 venerationem,
980 3540 1107 3607 eoetesti
1138 3557 1272 3605 munere
1302 3559 1346 3605 ee

255 3657 422 3704 concessu
435 3637 550 3703 datum
563 3640 571 3706 l
615 3639 802 3724 Ecquando
817 3642 889 3726 jam
903 3641 1022 3721 literar,
1036 3640 1170 3726 qnando
1183 3641 1236 3706 bae
1250 3643 1346 3724 pacis

254 3744 342 3804 artes
365 3739 418 3804 vel
440 3747 582 3823 arreptae
603 3740 745 3820 avidius,
769 3742 825 3806 vel
846 3742 946 3808 culter
967 3741 1177 3821 laboriosius,
1199 3740 1253 3806 vel
1277 3742 1348 3824 gle-

253 3837 376 3904 rinsius
397 3839 522 3907 dotatre
544 3847 644 3925 utque
664 3843 890 3927 locupletare,
912 3863 1013 3927 quam
1035 3861 1114 3908 enm
1139 3842 1345 3908 institutioni

151 4013 155 4020 ,
254 3947 320 4008 tuae
343 3942 551 4008 servieruntl
594 3943 714 4008 Testes
744 3945 870 4028 antiqui
899 3951 949 4009 tot
978 3945 1172 4028 scriptores,
1203 3962 1288 4027 qnos
1309 3943 1345 4006 in

567 4161 577 4187 θ
594 4154 701 4204 Sueten.
712 4153 745 4204 (le
756 4152 827 4216 Tito,
838 4167 897 4218 esp.
910 4167 929 4204 ι.
940 4162 967 4204 et
980 4169 1024 4204 ιιι.
