3056 4878
510 401 598 453 utu.
621 403 719 453 uter.
743 403 814 452 utu.
838 403 878 454 rr.
897 389 950 454 14.
1205 393 1270 460 ate

184 549 305 610 exortu
320 542 511 627 vespertino
524 554 558 605 :¹¹
584 551 670 611 retro
686 545 823 628 quidem
838 547 898 624 ire,
915 547 1082 631 simulque
1097 545 1270 614 altitudine

184 646 320 728 degredi
333 665 353 710 u
368 646 511 710 statione
525 649 725 729 vespertina.
768 645 929 712 Mercurii
943 667 1055 712 rursus
1070 649 1168 713 stelio
1183 655 1270 715 utro·

187 766 254 830 que
278 746 404 811 ruodop
431 747 593 811 scandere
619 748 662 811 ab
684 755 806 811 exortu
835 751 1009 826 matutino,
1033 748 1166 831 degredi
1191 770 1269 817 vero

185 847 361 912 latitudine
386 867 408 912 a
428 847 641 930 vespertino;
663 856 911 931 consecutoque
933 849 1010 913 Solo
1023 849 1067 914 ed
1083 850 1270 933 quindecim

182 949 326 1032 partium
338 949 555 1024 intervallum,
568 949 721 1015 consistit
729 948 924 1033 quatriduoq
939 969 1045 1034 prope
1053 951 1268 1016 immobilis.¹²

183 1047 271 1114 Mor
297 1050 340 1113 ab
362 1048 538 1115 altitudine
559 1048 740 1127 descendit,
754 1055 907 1134 retroque
922 1050 1067 1134 graditur
1080 1053 1124 1116 ab
1139 1069 1266 1118 occasu

182 1153 371 1234 vespertino
400 1152 578 1235 usquead
607 1160 762 1217 exortum
794 1153 1003 1217 matutinum.
1057 1153 1266 1237 Tantumque

181 1251 267 1331 hren,
280 1260 316 1318 et
329 1253 436 1328 Luna,
452 1254 589 1318 totidem
615 1255 758 1332 diebus:
783 1259 866 1338 quot
886 1255 1027 1332 subiere,
1048 1252 1268 1318 descendunt.

185 1353 328 1418 Veneris
343 1354 536 1438 quindecies
559 1356 709 1439 pluribus
726 1363 771 1402 ¹³⁸
795 1356 894 1420 subit.
938 1354 1072 1419 Rursus
1086 1355 1220 1420 Saturni
1235 1362 1269 1420 et

180 1455 280 1520 Jovis
308 1455 500 1538 duplicutc²
525 1455 781 1537 degrediuntu13
804 1455 926 1520 Mortis
952 1457 1055 1521 etiem
1076 1454 1269 1540 quadrupli-

180 1564 286 1621 cato.u
328 1557 441 1622 Tanta
469 1565 521 1621 est
552 1562 679 1622 naturae
710 1559 866 1622 varietus.
910 1556 976 1622 Sed
997 1559 1082 1622 retio
1112 1557 1267 1622 evidens:

179 1677 258 1722 nam
279 1659 410 1749 quseiu
436 1677 593 1743 vaporem
616 1660 729 1724 Soiis‘
751 1660 913 1736 nituntur,
937 1659 1041 1724 etiam
1062 1658 1268 1724 descendunt

181 1778 282 1842 tegre.

210 1947 221 1973 ²
237 1940 268 1990 iu
279 1940 343 1992 Sciit
352 1944 459 1994 retortu.

636 2069 650 2090 0
653 2068 768 2090 ΙΙΝΙΟΗ
771 2065 800 2089 00

178 2190 206 2233 et
218 2183 255 2232 ita
267 2184 342 2248 perric
354 2191 420 2247 post.
453 2183 559 2246 Digredi
573 2185 655 2234 ceteri
667 2185 744 2235 codd.
756 2192 782 2235 et
794 2182 854 2234 edd.
866 2192 925 2235 ante
941 2183 1117 2235 Erotion—tt
1134 2185 1175 2234 itt
1192 2183 1268 2234 codd.
1366 2194 1370 2205 ’

176 2249 267 2298 Dulce.
285 2247 368 2298 cuiffl.
380 2249 452 2298 Pint.
463 2257 491 2298 et
511 2250 586 2310 Laut,
597 2249 690 2312 otiique
700 2248 777 2300 codd.
790 2264 835 2312 ep.
853 2249 980 2298 Hurduin.
994 2249 1037 2310 qui
1049 2257 1108 2313 post
1119 2249 1225 2297 Eirevir.
1241 2249 1267 2297 irr

178 2320 278 2360 textnur
298 2314 437 2362 revocarit.
469 2311 536 2363 Edd.
547 2320 611 2362 vett.
634 2312 693 2362 nid.
710 2315 784 2366 Junt.
797 2313 877 2363 Berii.
890 2312 972 2375 Lugd.
990 2313 1089 2362 Ererm.
1100 2312 1184 2374 Lugd.
1197 2315 1268 2360 1606.

177 2376 270 2424 Driec.
282 2383 309 2425 et
320 2377 434 2426 Gronov.
444 2374 473 2424 ri
483 2382 569 2425 exortu
577 2378 768 2428 matutina-tii
786 2375 872 2427 curui.
880 2392 938 2439 petre
946 2377 1140 2427 tametio-rt
1157 2376 1199 2425 lta
1210 2375 1267 2424 cod.

177 2439 268 2490 Daiec.
284 2445 311 2490 et
323 2438 406 2489 cttffl.
418 2441 460 2488 etii
473 2440 601 2504 coddtp.
622 2441 747 2491 Hurduiu.
764 2442 807 2506 qui
824 2443 850 2491 iu
868 2449 967 2490 textum
984 2441 1123 2490 revocavit.
1156 2440 1267 2489 Hardui·

177 2517 238 2552 uum
250 2505 332 2553 secuti
342 2505 552 2568 Mittenliipout.
564 2512 592 2555 et
604 2506 695 2554 Franz.
732 2506 828 2555 Veneris
835 2505 966 2568 quindecim
975 2511 999 2554 et
1006 2504 1113 2568 pluriter
1124 2503 1184 2556 ard.
1195 2503 1269 2554 Junt.

175 2567 255 2617 Butii.
268 2569 351 2632 bugd.
358 2570 457 2618 Eretum.
468 2569 524 2618 eiire
537 2568 805 2634 repeterentur.
817 2578 845 2620 et
854 2569 970 2619 Gronov.

667 2713 772 2763 Nom

207 2833 220 2866 Ρ
240 2825 344 2890 Utroque
352 2823 430 2889 mdo]
447 2824 595 2876 latitudine
606 2833 633 2875 et
644 2825 701 2876 alti·
772 2826 781 2859 ¹
796 2823 936 2888 Duptiecto]
950 2825 1008 2874 Hoc
1020 2831 1071 2886 est,
1083 2823 1200 2874 ducentis
1210 2823 1267 2874 iere

176 2899 276 2950 tudine.
740 2897 832 2948 diebus
844 2899 954 2948 tendunt
966 2900 998 2949 sd
1010 2899 1196 2963 oppetitionem
1208 2913 1266 2949 curn

206 2977 382 3041 romarico]
399 2977 481 3027 Mora
492 2977 701 3028 staticnnmsunt
740 2973 808 3022 Sole.
847 2973 913 3023 iirec
932 2982 1018 3024 eutem
1039 2973 1190 3037 accipienda
1208 2980 1268 3023 suut

174 3055 323 3118 inequales,
339 3054 417 3118 etism
435 3054 460 3102 in
473 3052 563 3102 iisdem
578 3054 699 3117 pirnetir:
740 3043 859 3097 πλατικῦέ
870 3054 897 3097 et
908 3048 996 3112 large:
1014 3062 1073 3098 uem
1088 3049 1109 3097 ri
1124 3062 1178 3098 rem
1190 3063 1267 3098 erec·

174 3137 235 3179 tunt
251 3128 317 3178 enim
336 3129 398 3176 eiius
414 3126 554 3184 breviores,
567 3129 628 3178 atior
641 3142 699 3192 pro·
741 3125 792 3174 tius
815 3125 877 3174 veiis
899 3124 1057 3189 expendere,
1085 3126 1212 3174 Saturnus
1235 3139 1266 3174 eo

172 3206 286 3255 littores.
319 3206 351 3255 lu
362 3205 494 3255 Mercurio
507 3211 601 3264 temen,
613 3206 699 3255 medio
738 3201 883 3264 digreditur
902 3201 992 3250 diebus
1012 3209 1114 3251 centum
1134 3201 1267 3263 octogiutt

173 3282 392 3345 temporeeiucto‚
403 3279 468 3328 tterrd
480 3280 650 3343 pretergredi
661 3280 699 3329 bi·
738 3291 797 3326 rex:
815 3276 929 3339 Jupiter,
948 3276 1075 3327 ducentis.
1117 3276 1184 3326 Vide
1205 3276 1264 3324 Ric-

171 3358 217 3407 dui
238 3355 294 3406 t'ere
314 3357 424 3417 spatium
442 3357 595 3405 recentiores
608 3356 700 3405 Astru·
738 3352 831 3402 ciuium
843 3353 891 3400 icc.
902 3352 947 3400 cit.

172 3434 241 3484 nomi
253 3439 407 3482 asseverant.
770 3435 781 3460 ⁸¹
794 3424 989 3494 Quadruptieoto]
1006 3423 1167 3488 longissime
1179 3440 1194 3474 e
1205 3425 1265 3476 Soio

204 3517 214 3542 ¹
230 3509 334 3559 Totidem
345 3508 438 3572 dietus]
457 3507 565 3570 Septem
576 3505 631 3554 fere
644 3505 698 3555 dte.
737 3500 881 3564 digreditur
892 3499 982 3549 diebur
994 3496 1051 3548 fere
1061 3498 1266 3565 quadringentir.

172 3585 221 3634 bus
233 3599 249 3633 e
260 3583 389 3633 novilunio
400 3584 471 3631 Luna
480 3583 550 3632 subit
559 3582 583 3630 in
593 3581 702 3646 quadre-
738 3577 802 3626 Cum
821 3577 888 3625 eninr
906 3574 1032 3624 revolutio
1049 3575 1160 3638 plenetra
1176 3575 1208 3624 ad
1221 3577 1266 3626 So·

172 3669 267 3720 turem,
286 3667 363 3723 etque
383 3657 449 3707 odeo
468 3658 494 3706 iu
515 3656 626 3708 mediam
640 3657 699 3708 creti
737 3653 799 3716 ient,
820 3653 862 3702 vet
884 3652 967 3716 petius
989 3650 1064 3707 Solis,
1087 3651 1130 3715 qui
1154 3649 1266 3703 uelocior

172 3739 284 3799 partem,
296 3739 324 3780 et
335 3733 359 3779 in
372 3747 507 3795 apogeum.
738 3737 789 3791 ert,
810 3728 841 3778 sd
862 3729 1002 3790 planetam,
1017 3725 1064 3775 fiat
1080 3725 1106 3773 iu
1120 3725 1216 3781 Marte.
1235 3734 1265 3778 ut

203 3817 213 3843 ¹
231 3807 371 3866 Quindecies
386 3808 501 3871 pluriter]
515 3808 573 3860 Hoc
585 3816 634 3867 ert,
646 3809 699 3862 dle·
739 3807 776 3855 uit
799 3804 928 3855 Ricnioius
958 3803 1007 3853 ico.
1028 3803 1074 3852 cit.
1099 3800 1189 3851 diebus
1208 3806 1265 3853 780.

171 3887 218 3936 bus
234 3883 289 3934 t'ere
306 3890 409 3932 centurn
430 3890 458 3931 et
475 3884 598 3948 quinque.
633 3887 700 3936 Nem
739 3881 799 3930 inde
820 3877 931 3930 efficitur
956 3876 1075 3940 progredi
1093 3875 1205 3925 Martem
1232 3877 1265 3925 ad

171 3961 194 4010 ri
205 3967 305 4024 septem
316 3959 372 4007 diet
391 3971 438 4022 per
455 3958 601 4023 quindecim
614 3962 715 4010 mutii.-
739 3953 925 4018 oppositionem
937 3966 994 4002 eum
1003 3953 1063 4001 Sole
1074 3949 1206 3999 dimidiato
1217 3948 1264 3999 hoe

169 4041 307 4106 piicentur,
321 4035 614 4099 eesuurrnecoiiigitur.
648 4037 699 4088 Re.
738 4032 837 4081 dierum
859 4028 1044 4086 sumeretne
1066 4028 1263 4082 est,tuo.rive

170 4115 299 4168 certiores
317 4112 464 4162 Astrononrt
481 4119 584 4162 centnm
603 4111 660 4164 tere
671 4121 699 4166 st
739 4103 987 4168 rotundeutriunr,
998 4102 1263 4170 ebrotntoquenume

170 4198 213 4243 ³⁰.
229 4192 283 4240 dier
304 4192 421 4241 maxime
439 4188 590 4266 dignationi
607 4204 622 4239 e
639 4189 699 4240 Sole
738 4182 842 4251 ro,t‘ere
853 4177 1056 4247 quadringintis.

171 4269 308 4333 assignant.
