3098 4878
643 402 676 448 0·
698 397 818 446 Purrul
842 395 1003 446 arcuum

498 541 641 620 Quando
654 541 691 604 in
706 541 870 604 domibus.

499 643 552 707 Dc
564 644 701 727 picturae
716 643 839 706 initiis:
862 640 903 704 dc
916 637 1191 702 monochromatis
1205 637 1367 719 picturis:

539 745 580 809 dc
594 744 710 827 primis
724 742 920 826 pictoribus.

497 844 686 928 Antiquitas
698 847 897 928 picturarum
910 841 946 903 in
960 837 1071 903 Italia.
1145 871 1149 880 ·

501 947 554 1011 Dc
568 947 749 1029 pictoribus
766 941 939 1008 Romanis.

498 1046 641 1123 Quando
682 1047 823 1128 primum
865 1042 1008 1108 externis
1047 1039 1186 1122 picturis
1225 1038 1368 1120 dignitas

538 1147 671 1210 Rornae.

499 1248 645 1325 Quando
672 1248 813 1330 primum
841 1245 984 1327 dignitas
1009 1241 1160 1325 picturae,
1185 1244 1218 1303 ct
1244 1239 1368 1322 quibus

541 1349 674 1432 publica
690 1348 818 1413 Romae.

499 1449 566 1526 Qui
580 1451 738 1514 victorias
753 1467 834 1512 snas
844 1445 951 1530 pictas
965 1447 1217 1527 proposuerunt.

500 1549 604 1614 Ratio
619 1549 786 1632 pingendi.

500 1653 553 1716 Dc
568 1651 736 1716 coloribus
750 1649 888 1722 nativis,
914 1653 946 1710 ct
968 1647 1010 1710 dc
1032 1644 1202 1708 coloribus
1216 1642 1369 1720 factitiis,

539 1757 572 1815 ct
586 1752 628 1815 dc
641 1751 829 1834 pigmentis,
843 1754 962 1831 praetcr
974 1744 1154 1808 metallica.

501 1851 553 1916 Dc
569 1850 721 1933 sinopide
735 1871 743 1914 ι
766 1848 941 1913 medicina.
957 1865 1001 1910 ex
1017 1863 1068 1920 ca,
1085 1858 1141 1906 xr.

500 1953 553 2017 Dc
566 1953 716 2016 rubrica:
738 1951 778 2014 dc
792 1957 881 2015 tarra
896 1947 1053 2013 Lcmnia:
1075 1943 1159 2008 med.
1176 1960 1221 2007 cx
1244 1961 1296 2018 ca,
1313 1957 1370 2004 rx.
1402 2003 1409 2014 ,

502 2053 555 2117 Dc
570 2053 733 2137 AEgyptia
746 2059 843 2116 tarra.

501 2155 554 2218 Dc
568 2154 681 2219 ochra.

502 2253 763 2337 Ircncophorum.

503 2342 738 2419 Paratonium.

505 2454 688 2520 Melinum:
711 2455 832 2520 modic.
848 2475 892 2520 cx
905 2475 958 2534 co,
976 2471 1027 2518 vr·

500 2554 644 2619 Cerussa
658 2562 744 2621 usta.

499 2655 629 2721 Eretria
643 2664 729 2722 terra
744 2679 752 2724 :
774 2659 892 2724 medic.
907 2677 950 2722 cx
965 2677 1016 2736 ea,
1032 2675 1084 2720 vr.

500 2757 721 2826 Sandaractra.

500 2859 647 2943 Sandys.

501 2959 662 3042 Syricum.

500 3060 742 3130 Atramentnm.

499 3162 751 3247 Purpurissum.

501 3265 652 3331 Indicum
668 3289 677 3330 r
698 3268 870 3334 medicinae
883 3288 927 3331 cx
942 3286 992 3346 eo,
1009 3285 1058 3331 rv.

500 3364 713 3435 Armenium:
736 3370 852 3435 medic.
866 3389 908 3434 cx
923 3389 977 3448 co,
996 3386 1020 3434 r.

501 3466 617 3533 Viridc
632 3470 837 3555 Appianum.

501 3565 659 3636 Anniare.

503 3667 572 3744 Qui
587 3672 713 3736 colores
728 3675 795 3738 ndo
810 3693 876 3738 non
889 3674 1095 3740 inducantur.

502 3768 635 3845 Quibus
650 3775 818 3838 coloribus
833 3779 962 3860 antiqui
977 3774 1153 3860 pinxerint.

500 3867 648 3948 Quando
664 3875 802 3956 primum
814 3877 1031 3959 gladiatomm
1042 3891 1172 3958 pngnae,
1183 3875 1216 3934 et
1226 3869 1372 3952 pictura·

541 3976 730 4056 proposita
751 3980 824 4042 sint.

502 4071 555 4138 De
571 4081 670 4140 rotate
685 4079 822 4160 picturae
835 4100 844 4143 :
866 4078 1056 4143 nobilitatos
1078 4095 1225 4161 operum,
1240 4079 1275 4136 et
1291 4073 1373 4136 arti-

543 4172 641 4240 ticnm
656 4178 690 4241 in
706 4180 848 4262 pictura,
866 4196 968 4244 cccv.
