3016 4876
447 405 581 458 anorro
604 409 629 460 r.
652 406 767 458 eruar
791 406 974 458 creantur.
1207 395 1251 462 71

166 552 275 616 bernis
289 550 416 627 educit,
430 558 465 616 et
479 571 546 635 qua
567 552 754 636 proximum
777 556 849 618 erat
868 553 941 632 iter,
956 572 1016 636 per
1030 549 1137 638 Alpes
1150 555 1183 620 in
1197 553 1254 620 nl-·

168 655 322 718 rariorem
336 652 482 718 Galliam
504 651 690 719 contendit?
731 653 880 719 Eandem
895 654 1044 720 Galliam
1056 653 1249 722 (liberiorem

168 753 372 837 ‘Togatam'
387 753 557 819 Romanos
578 756 770 839 appellasse
786 756 882 822 testis
903 765 957 820 est
979 756 1108 821 Hirtius
1130 761 1251 822 octavo

166 855 249 919 libro
271 854 312 918 de
335 856 424 919 bello
446 853 582 919 Gallico
612 856 770 933 scribens,
802 857 984 939 ‘legionem
1008 857 1250 938 duodecimam,

167 975 243 1038 qnae
257 975 335 1021 cnm
350 956 500 1020 Labieno
515 957 548 1019 in
568 955 721 1038 hybernis
735 956 855 1033 fuerat,
869 957 904 1020 in
924 954 1088 1038 Togatam
1103 955 1250 1022 Galliam

167 1055 337 1121 Gaesarem
361 1056 494 1120 misisse
517 1055 560 1119 ad
584 1056 735 1120 colonias
759 1057 882 1121 ciuium
904 1056 1131 1122 Romanomm
1156 1064 1252 1123 tuen·

167 1156 241 1232 das,
262 1176 303 1221 ne
317 1156 408 1241 qnod
422 1157 531 1222 simile
549 1157 796 1221 incommodum
817 1156 983 1222 accideret
1001 1177 1045 1222 ex
1063 1158 1251 1224 incursione

166 1257 392 1334 barbarorum,
409 1267 462 1323 'ac
490 1258 659 1340 superiore
687 1264 807 1322 testate
833 1257 1037 1339 Tergestinis
1059 1260 1250 1335 accidisset,

168 1357 249 1440 quia
277 1361 446 1442 repentino
480 1360 654 1424 latmcinio
689 1366 787 1441 atque
817 1359 941 1442 impetu
970 1359 1089 1424 incolae
1119 1359 1248 1424 illomni

166 1459 446 1543 erantoppressi.'
489 1459 583 1524 Idem
600 1461 642 1524 ad
657 1461 804 1524 calcem:
838 1457 998 1538 ‘Caesam’
1019 1463 1078 1536 ait,
1099 1465 1194 1525 ‘cnm
1215 1461 1250 1524 in

166 1557 302 1625 Italiam
325 1562 481 1638 venisset,
503 1569 539 1624 et
562 1580 677 1624 omnes
697 1561 851 1644 regiones
873 1561 994 1626 Gallim
1017 1561 1248 1645 percurrisset,

165 1660 266 1743 hujus
287 1662 480 1745 manicipiis
500 1668 533 1726 et
553 1662 693 1726 coloniis
715 1663 838 1744 gratias
860 1681 971 1744 agens,
986 1661 1072 1746 quod
1094 1662 1249 1744 frequen-

165 1760 245 1824 tiam
275 1767 375 1844 atque
395 1760 537 1826 officium
560 1781 658 1826 sunm
679 1759 826 1826 Antonio
848 1762 1097 1845 praestitissent,
1118 1781 1249 1832 summa

166 1861 335 1940 celeritate
344 1862 386 1925 ad
402 1863 585 1926 exercitum
600 1862 882 1929 Nemetocennam
893 1864 1045 1942 rediisse,
1053 1870 1088 1928 et
1099 1863 1249 1928 exercitu

165 1961 321 2038 lustrato,
338 1961 379 2025 Τ.
395 1957 576 2027 Labienum
593 1961 714 2028 Galliae
734 1963 872 2045 'l'ogatee
887 1963 1085 2046 praefecisse,
1101 1981 1167 2048 quo
1180 1981 1250 2026 ma·

161 2061 237 2144 jore
259 2060 545 2127 commendatione
567 2064 795 2128 conciliaretur
820 2062 864 2127 ad
892 2061 1093 2128 Consulatus
1115 2062 1249 2145 petitio·

165 2160 262 2226 nem?
306 2164 374 2227 Dio
388 2183 520 2246 quoqne
535 2164 720 2229 citeriorem
734 2163 879 2228 Galliam
901 2163 1061 2245 Togatam
1075 2182 1150 2227 esre
1164 2163 1249 2228 libro

167 2263 389 2328 Historiarum
405 2279 543 2328 xnvrrr.
557 2271 727 2341 memorat,
742 2264 905 2346 inquiens,
926 2261 1003 2328 ‘Ex
1017 2262 1130 2328 Gallia
1145 2263 1250 2326 etiam

165 2365 310 2450 Togata,
326 2386 403 2449 qnae
427 2373 497 2431 tum
514 2367 624 2431 ltaliae
644 2366 774 2449 legibus
796 2385 837 2429 ac
852 2364 1011 2429 institutis
1025 2363 1165 2429 formata
1177 2364 1249 2428 lue·

166 2475 226 2544 rat,
240 2488 283 2534 no
305 2469 338 2532 in
354 2467 530 2551 Cisalpina
544 2469 674 2550 regione
690 2467 763 2550 ejus
784 2466 1002 2550 gnbemandee
1018 2484 1122 2530 causa
1136 2474 1249 2531 essent

167 2570 337 2635 exercitus
358 2570 482 2646 alendi,
503 2569 645 2652 pecunia
670 2571 754 2652 ipsis
774 2568 963 2650 militesque
983 2565 1249 2632 adducebantur:

167 2671 260 2735 llinc
275 2670 392 2736 Cicero
410 2671 443 2735 in
466 2671 655 2753 Philippica
675 2669 896 2734 duodecima:
929 2671 939 2702 ‘
952 2665 998 2732 Ut
1012 2667 1185 2746 omittam,'
1200 2670 1248 2732 in·

165 2773 248 2856 quit,
263 2777 275 2808 ‘
285 2773 429 2854 reliquas
443 2775 557 2854 partes
570 2769 707 2847 Galliae,
718 2789 794 2834 nam
806 2777 885 2834 sunt
895 2787 1010 2833 omnes
1021 2786 1131 2851 pares,
1144 2766 1248 2832 Pata·

166 2873 233 2936 vini
255 2871 341 2936 alios
357 2871 579 2947 excluserunt,
594 2870 678 2935 alios
693 2870 858 2952 ejecemnt
876 2869 998 2933 missos
1017 2869 1061 2931 ab
1083 2866 1247 2934 Antonio:

166 2975 319 3056 pecnnia,
333 2973 505 3050 militibus,
523 2977 569 3046 et,
591 2963 679 3055 qr'rod
702 2970 845 3033 maxime
867 2967 988 3044 deerat,
1003 2967 1104 3030 armis
1118 2975 1249 3033 nostros

166 3073 268 3139 duces
283 3070 501 3157 adjuremnt’
545 3071 612 3136 Sed
628 3070 760 3145 Strabo,
771 3070 857 3134 libro
872 3068 989 3152 quinto
1005 3067 1247 3151 Geograplriae:
1326 3093 1328 3096 ·

165 3174 239 3240 ‘M.
268 3171 440 3258 Lepidus}
469 3173 589 3258 inquit,
616 3175 672 3234 ‘et
694 3170 732 3235 C.
754 3169 949 3246 Flaminius,
964 3167 1102 3232 devictis
1120 3168 1248 3251 Liguri-

165 3277 242 3354 bus,
257 3275 312 3341 bic
335 3273 531 3339 Flaminiam
553 3273 642 3338 riam
663 3273 780 3336 stravit
801 3290 822 3335 a
843 3270 956 3335 Roma
975 3287 1034 3352 per
1055 3267 1249 3334 Hetmriam

166 3383 201 3443 et
214 3373 387 3441 Umbriam
402 3393 506 3458 usque
522 3373 721 3450 Ariminum,
736 3373 791 3437 ille
813 3371 973 3454 deinceps
995 3371 1181 3434 Bononiam
1194 3389 1249 3434 ns·

167 3483 284 3562 qne,et
297 3476 373 3540 inde
386 3475 549 3559 usquead
563 3475 752 3558 Aquileiam
762 3473 865 3556 juxta
878 3473 1010 3538 radices
1024 3471 1175 3553 Alpium,
1186 3490 1249 3554 pe-

165 3578 303 3645 ludibas
326 3579 360 3642 in
383 3597 497 3660 gyrum
517 3576 759 3654 circumventis,
773 3581 934 3657 tanquam
948 3573 1026 3637 loca
1048 3571 1092 3636 ad
1116 3571 1250 3655 provin-

167 3680 256 3746 ciam
278 3698 373 3744 suam
394 3678 517 3744 Galliae
539 3674 753 3760 pertinentia!
796 3676 952 3741 Pressius
975 3674 1062 3738 hanc
1080 3674 1169 3738 viam
1193 3673 1250 3738 alii

166 3781 389 3846 describentes
402 3780 493 3844 aiunt
510 3783 646 3842 stratam
664 3797 739 3842 esse
761 3777 804 3841 ab
826 3775 977 3840 Arimino
993 3772 1193 3853 Bononiam,
1208 3793 1250 3839 ac

167 3882 387 3958 Placentiam,
409 3887 509 3965 atquo
529 3879 606 3944 inde
629 3898 728 3962 opere
749 3877 986 3953 circumducto,
1005 3873 1250 3948 Mediolanum,
1302 3943 1305 3954 ,

165 3984 379 4066 Bergomum,
394 3987 427 4046 et
441 3981 616 4045 Patavium
629 3999 738 4063 usque
753 3977 796 4042 ad
811 3977 1016 4063 Aquileiam.
1049 3974 1143 4038 Idem
1158 3971 1250 4037 Stra-

154 4085 209 4162 bo
224 4089 301 4166 post
314 4083 461 4148 AEmiliar
476 4082 541 4146 viae
556 4081 810 4164 descriptionem
826 4079 949 4144 Galliae
963 4073 1125 4141 citerioris
1138 4075 1249 4140 excel-

164 4185 301 4249 lentiam
315 4182 515 4264 praedicans,
529 4201 570 4246 ac
585 4199 690 4246 rerum
706 4181 850 4245 omnium
867 4177 1089 4259 largissimum
1103 4192 1250 4258 prouen-

165 4293 248 4364 tum,
262 4289 273 4323 ‘
281 4283 479 4350 mediocrem
492 4285 601 4390 lanam
616 4283 651 4347 in
666 4302 709 4348 ea
724 4281 899 4347 Patavium
912 4274 1118 4364 producere,'
1131 4277 1248 4360 inquit,
