3054 4876
618 406 651 454 0·
672 399 790 452 nullm
816 397 978 448 SECUNDI

474 549 600 633 Pugnae
613 565 739 612 eornm.

334 703 342 721 .
476 653 611 731 Quibus
625 645 734 715 modis
747 647 944 730 capiantur.4
1024 670 1028 674 ·

476 754 609 832 Quibus
625 752 821 817 domentur5

477 855 530 920 De
542 861 641 938 partu
652 871 764 917 eorum
778 846 952 928 etreliqua
966 845 1094 906 natura.

477 955 547 1020 Ubi
560 959 757 1044 nascuntur:
781 947 959 1020 Discordia
972 963 1085 1008 eorum
1100 946 1134 1008 et
1144 926 1337 1006 draconum]

324 1110 332 1126 .
475 1057 529 1122 De
544 1057 681 1121 solertia
694 1052 896 1119 animalium.

341 1207 349 1224 .
477 1158 531 1223 De
548 1157 761 1223 draconibus.

337 1308 344 1324 .
474 1259 574 1324 Mirm
589 1254 820 1341 magnitudinis
836 1248 1030 1336 serpentes.⁶

318 1363 354 1429 .'
477 1361 531 1425 lle
545 1359 713 1445 Scythicis
727 1353 943 1421 animalibus:
966 1352 1019 1417 ne
1032 1349 1232 1415 bisontibns.

336 1512 343 1527 .
479 1462 534 1527 De
549 1457 902 1545 septentrionalibus:
924 1452 1029 1518 Alce:
1053 1450 1157 1516 achli:
1177 1451 1316 1514 bonaso.

351 1613 359 1629 .
478 1562 532 1627 De
546 1563 717 1626 leonibus:
739 1557 919 1636 Quomodo
934 1557 1115 1639 gignantur.

370 1713 379 1730 .
479 1661 566 1742 Quae
582 1679 837 1747 generosorum.
858 1711 861 1718 .

340 1817 348 1833 .
482 1763 569 1842 Quae
583 1763 727 1849 propriae
741 1766 880 1824 naturae.

484 1863 573 1944 Quis
581 1864 707 1948 primns
722 1858 998 1928 leontomachiam
1013 1856 1152 1922 Romae:
1169 1851 1258 1932 Quis
1269 1849 1343 1934 plu·

519 1953 671 2033 rimos'in
686 1984 728 2030 ee
739 1965 854 2029 leones
868 1959 1045 2026 donaverit.

343 2114 352 2133 .
480 2062 969 2136 Mirabiliainleonumsactis.

357 2220 367 2237 .
483 2170 671 2236 Adracone
685 2169 816 2252 agnitus
826 2171 859 2230 et
873 2169 1034 2229 servatus.

379 2322 387 2340 .
483 2272 535 2338 De
550 2271 734 2357 pantheris.

369 2421 378 2437 .
479 2372 811 2439 Senatusconsultnm
826 2377 861 2436 et
873 2370 964 2452 leges
979 2367 1021 2431 de
1031 2365 1212 2430 Africanis.
1257 2347 1345 2440 Quis

520 2473 645 2558 primns
659 2473 780 2538 Romae
793 2471 988 2536 Africanas:
1011 2467 1098 2547 Quis
1109 2466 1281 2550 plurimas.

357 2625 365 2641 .
482 2575 699 2658 Detigribus.
743 2573 888 2654 Quando
908 2572 1048 2656 primum
1071 2568 1192 2634 Βοωῑε
1210 2567 1286 2631 visa
1307 2565 1349 2630 ti·

523 2677 600 2759 gris.
644 2677 697 2742 De
712 2683 831 2742 natura
844 2693 966 2740 earum.
1061 2727 1066 2741 .

376 2826 383 2841 ·
485 2779 695 2845 Decamelis.
738 2778 872 2844 Genera
885 2795 1009 2840 eorum.

390 2928 397 2943 .
489 2881 542 2946 ne
566 2880 837 2965 camelopardali.
893 2873 1038 2956 Quando
1062 2873 1204 2956 primum
1230 2867 1349 2934 Romae

525 3001 610 3048 ursa.
1333 2993 1340 3008 ·

405 3128 412 3145 .
487 3082 541 3147 De
556 3083 657 3149 chao:
682 3084 735 3148 De
750 3083 895 3166 cephis„

381 3229 388 3245 ·
485 3184 539 3249 De
554 3185 765 3250 rhinocerote.

367 3334 374 3348 .
488 3284 542 3350 De
571 3285 677 3368 lynce,
700 3293 736 3350 et
759 3285 963 3369 sphingihns.
1007 3281 1061 3346 De
1085 3275 1255 3344 crocottis.
1299 3273 1353 3338 De

356 3379 364 3398 '
526 3387 776 3471 cercopithecis.

272 3503 389 3552 xxxi.
488 3487 595 3552 Indiae
611 3491 780 3554 terrestris
792 3486 960 3554 animalia.

274 3603 405 3652 xxxrr.
489 3586 574 3652 Item
588 3587 778 3674 AEthinpiee.
822 3589 937 3654 Bestia
950 3587 1025 3651 visu
1039 3581 1246 3648 interficiens.

274 3691 422 3754 xxxin.
492 3689 545 3754 De
560 3689 731 3756 basiliscis
747 3691 965 3775 serpentibus.
1017 3711 1020 3718 ¹

275 3805 418 3854 xxxiv.
495 3789 548 3853 lle
562 3791 664 3873 lupis.
707 3791 931 3857 Undosahula
944 3775 1144 3870 versipellis.

274 3907 399 3955 xxxv.
494 3890 703 3974 Serpentium
718 3913 846 3976 genera

275 4214 333 4266 edd.
345 4223 454 4270 vett-⁶
474 4221 592 4278 Quomodo
602 4223 793 4312 domrgur'edd.
804 4223 916 4274 vett-6
933 4217 973 4268 De
989 4210 1135 4278 serpentibus
1146 4207 1265 4272 mostata,
1274 4211 1297 4255 et
1309 4207 1360 4255 bole
