3006 4874
501 415 550 463 nn
572 417 755 470 crurum
779 424 962 476 secusne.
1212 417 1274 485 147

187 550 323 618 Nonum
347 555 493 624 Kalend}
531 559 898 644 Septembrese‘nora
912 569 978 636 lere
996 575 1147 657 septima,
1167 585 1274 645 muter

181 673 261 718 mee
273 655 404 722 indicet
416 661 448 722 ei
460 665 621 744 apparere
635 666 754 730 unbem
770 669 926 736 inusitata
940 678 973 736 et
990 677 1225 758 magnitudine,
1239 690 1274 745 et

184 758 319 837 specie‘
355 758 563 843 Surgit,ille,'
584 770 622 830 ut
644 787 664 830 e
687 768 790 832 Sole²
813 771 955 847 solebat,
977 774 1098 858 frigide
1119 787 1272 861 gustate:

175 855 299 938 jacens
322 862 408 924 enim
431 862 597 929 studebat.
642 867 805 952 Poposcit
823 871 961 950 soleas,³
983 881 1134 945 escendit
1148 883 1271 964 locum,

180 975 226 1020 ex
249 979 316 1042 quo
328 963 475 1027 maxime
489 967 685 1034 miraculum
700 972 784 1036 illud
800 975 954 1058 conspici
965 975 1106 1060 poteret.
1152 985 1271 1052 Nubes

180 1058 344 1126 incertum
360 1067 475 1146 procul
490 1067 694 1136 intuentibus
708 1093 751 1138 ex
767 1095 836 1159 quo
852 1086 965 1143 monte
978 1081 1176 1158 (Vesuvium
1189 1085 1204 1120 ⁴
1221 1088 1271 1154 lu-

180 1161 250 1224 isse
274 1170 395 1246 posteo
418 1169 587 1249 cognitum
609 1171 675 1257 est)
692 1169 881 1242 oriebatur‘:
904 1182 1001 1266 cujus
1021 1185 1269 1256 similitudinem

178 1268 212 1326 et
235 1263 375 1329 formum
398 1271 552 1335 nonalis
574 1277 684 1356 mugis
704 1278 804 1343 arbor
817 1300 918 1362 quem
941 1286 1039 1366 pinus
1055 1294 1267 1370 expresserit.

179 1362 271 1428 Num
290 1365 487 1449 longissimo
510 1373 605 1439 velut
624 1383 738 1443 trunco
757 1382 868 1446 efflatu
885 1384 919 1446 in
938 1387 1053 1466 ultum,
1069 1391 1267 1476 quibusdem

178 1467 282 1531 ramis
307 1468 562 1542 diffundebatur.
607 1478 727 1556 Credo,
752 1483 831 1564 quia
857 1487 979 1550 recenti
1003 1490 1120 1571 spiritu
1139 1501 1267 1569 evectu,

174 1568 255 1632 dein
271 1583 464 1638 senescente
479 1595 520 1640 eo
535 1576 704 1656 destitute,
718 1585 777 1645 eut
796 1584 896 1649 etiem
916 1587 1062 1669 pondere
1081 1609 1144 1655 suo
1166 1593 1267 1670 victu,

177 1670 212 1734 in
242 1672 468 1737 latitudinem⁵
493 1679 706 1758 senescebat,
736 1683 878 1749 candide
905 1687 1079 1766 interdum,
1106 1691 1265 1760 interdum

175 1772 312 1837 sordide
336 1780 369 1838 et
397 1777 581 1857 maculosa,
607 1787 848 1862 prontlterrem
871 1787 1056 1853 cineremve
1079 1793 1265 1859 sustulerat.

176 1871 336 1955 Magnum
361 1876 406 1953 id,
429 1880 639 1963 propiusque
660 1882 877 1962 noscendum,
897 1891 933 1950 ut
952 1889 1177 1958 eruditissimo
1192 1895 1264 1958 viro

174 1976 283 2040 visum
297 1985 359 2042 est.
383 1977 485 2046 Jubet
499 1981 694 2047 liburnicum
704 1987 833 2068 opteri:
849 1987 943 2065 mihi,
954 1990 985 2053 si
994 1992 1104 2056 venire
1116 2014 1186 2082 une
1195 1995 1265 2062 vel.-

172 2076 252 2154 lem,
261 2077 344 2145 lucit
354 2081 499 2164 copiam.
521 2081 696 2166 Respondi
704 2086 835 2150 studere
847 2107 900 2152 me
911 2089 1030 2156 melle:
1046 2099 1077 2157 et
1087 2094 1169 2160 forte
1179 2097 1266 2179 ipse,

173 2178 265 2262 quod
281 2181 454 2245 scriberem
471 2183 618 2248 dederet.
642 2185 879 2268 Egrediebatur
894 2191 1014 2255 domo:
1029 2197 1264 2278 accepitcodi·

171 2281 282 2349 cillos.
298 2281 1263 2382 Retinaeclessierii,¹’imminentepericnloexterriti,⁶(nenr

166 2369 254 2447 ¹ville
265 2384 547 2467 cu⁷subjecebetr
564 2405 626 2451 uec
641 2388 790 2466 ulle,nisi
800 2391 1074 2476 navibusluger)
1084 2405 1262 2466 utsetnnto

170 2481 357 2550 discrimini
367 2487 518 2568 eriperet,
532 2489 699 2554 orabunt.8
732 2490 843 2556 Vertit
857 2493 912 2558 ille
925 2497 1112 2575 consilium,
1128 2504 1161 2563 et
1171 2499 1261 2582 quod

170 2584 1261 2683 studiosouuimoinchoaveratobitmeximo..Dednxitquadrire-

168 2705 252 2764 mes,
263 2687 415 2751 escendit
427 2689 512 2770 ipse,
527 2709 592 2755 nou
607 2691 742 2760 Retiuae
753 2696 863 2774 ruodo,
875 2697 1063 2782 sedimultis
1073 2699 1161 2786 (erut
1175 2704 1261 2767 enim

168 2787 327 2871 frequens
342 2790 521 2854 umoenites
536 2790 620 2874 orm)
639 2793 764 2858 loturus
785 2797 968 2863 auxiliumz
998 2808 1155 2883 properet
1168 2803 1261 2879 illuc,

167 2890 255 2954 unde
270 2889 329 2952 ulii
343 2891 446 2954 territi
459 2891 601 2972 lugiunt,
616 2899 805 2978 rectumque
819 2913 962 2974 cursum,
973 2906 1128 2983 rectoque
1144 2902 1261 2982 guber·

166 2991 289 3055 neculu
302 2993 337 3055 in
352 2993 538 3074 periculum
559 2997 668 3060 tenet:
691 2993 776 3059 adeo
798 2995 930 3062 solutus
956 3005 1060 3077 metu,
1084 3004 1123 3063 ut
1142 3020 1258 3069 omnes

166 3094 258 3160 illius
281 3095 362 3160 muli
383 3100 504 3173 motus,
526 3114 643 3160 omues
665 3095 789 3180 figuras
812 3106 849 3163 nt
869 3098 1129 3188 deprehenderat
1143 3105 1261 3184 oculis,

624 3225 805 3249 numum

199 3311 212 3357 1
231 3305 274 3356 Itu
284 3307 390 3368 Bipout.
401 3306 519 3368 Brctler‚
531 3313 558 3356 et
569 3307 649 3360 Plinii
660 3309 776 3362 Juniorir
787 3308 848 3360 edd.
860 3316 970 3360 recenti.
979 3311 1039 3361 isui.
1050 3309 1164 3364 nemu.
1177 3314 1257 3367 Bruti.

165 3371 474 3433 tegumentorum
486 3371 570 3434 Lugd.
581 3377 653 3422 1666.
670 3375 724 3422 Etr.
736 3373 850 3435 Gronov.
875 3374 1001 3424 Hurdulu.
1014 3381 1037 3424 1.
1048 3379 1072 3424 2.
1083 3380 1109 3424 t.
1123 3385 1151 3426 et
1168 3380 1258 3430 Frunr.

163 3441 213 3484 -2
225 3435 286 3484 Ver.
299 3436 360 3484 lect.
372 3450 413 3498 up.
426 3434 564 3484 Granum
575 3437 724 3486 Sedete-8
738 3437 817 3486 Poscit
829 3439 904 3486 roleue
916 3452 968 3489 rer.
983 3439 1042 3487 lect.
1053 3453 1096 3501 up.
1106 3440 1257 3520 eundem-7

162 3503 179 3548 t
193 3499 320 3548 Nonnulli·
336 3499 411 3548 cedd.
427 3497 549 3562 Venenum,
559 3499 613 3562 elil,
629 3500 811 3549 Verritum-⁶
824 3500 884 3549 Ver.
902 3503 964 3551 lect.
979 3516 1020 3562 ep.
1033 3501 1148 3553 Gronov.
1165 3519 1192 3554 ur
1202 3509 1260 3556 ultr·

162 3563 328 3615 tudinem-ti
340 3563 453 3613 Retinere
464 3563 542 3633 6664
554 3564 686 3613 imminenti
694 3564 798 3628 ρει-ἰωὴ
808 3571 927 3614 exterrere
939 3565 964 3612 in
981 3565 1130 3644 quibusdum
1142 3575 1257 3620 vett—t

163 3627 195 3676 ln
208 3627 265 3677 ullis
278 3633 340 3677 vett.
357 3626 539 3686 numuillueirrs·
563 3627 627 3676 Huc
640 3627 777 3676 rcrbunon
786 3637 844 3678 runt
853 3629 953 3677 nurinis
962 3628 1061 3679 incluse
1070 3645 1095 3680 ru
1105 3630 1165 3680 edd.
1176 3634 1256 3684 Buril.

163 3691 249 3755 Lugd.
263 3692 370 3753 Erusrni,
380 3692 473 3740 Dulce.
486 3689 566 3752 bugd.
579 3694 650 3740 1666.
661 3693 715 3741 Etr.
727 3699 755 3742 et
763 3691 927 3743 thenon-tt
940 3690 1007 3742 Edd.
1016 3701 1081 3770 vett.
1088 3696 1166 3771 lluril.
1175 3697 1258 3761 Lugd.

163 3755 276 3821 Erusrui,
287 3757 378 3806 Dulce.
390 3755 473 3820 bugd.
486 3758 557 3804 1666.
575 3755 628 3806 Ele
644 3762 672 3805 et
689 3755 802 3806 Gronov.
813 3756 913 3816 crudum
930 3756 998 3808 Edd.
1015 3766 1151 3823 entrqurss.
1169 3768 1197 3810 et
1217 3776 1256 3811 re·
1336 3803 1339 3810 r

194 3941 318 3989 *Nonum
335 3940 437 3988 Kalend.
453 3937 600 4002 Septembres
615 3938 686 4002 [Kal.
728 3953 820 3990 nornen
839 3947 888 3990 est.
922 3940 1061 4003 classiarii,
1077 3940 1170 3990 rolliter
1185 3955 1256 3991 com·

162 4015 289 4078 Nemo]
310 4013 434 4065 Codicum
453 4013 496 4065 hic
516 4017 581 4065 rnirs
599 4015 687 4066 incon·
728 4015 812 4078 prrrtl
830 4015 862 4064 ed
882 4015 1016 4066 tutandum
1033 4017 1152 4065 classem.
1186 4016 1254 4068 Uerre

160 4092 268 4152 utentis,
279 4091 401 4140 Pulcrum
412 4095 490 4153 teste,
500 4091 546 4140 lib.
558 4105 578 4143 r.
591 4104 649 4155 cup.
662 4097 686 4142 1.
726 4092 775 4140 hnc
787 4105 851 4142 voce
861 4091 982 4141 Tacitus:
1000 4090 1152 4155 Plinlnsque
1162 4091 1254 4144 Senior

161 4166 228 4229 eliis,
249 4165 327 4216 vm.
341 4167 398 4215 liet.
413 4164 530 4228 Septemb.
547 4165 613 4230 eliis,
630 4167 684 4218 111.
726 4179 778 4216 rrr.
788 4170 829 4216 tt.
840 4166 932 4215 ‘Bello
942 4167 1029 4217 Siculo
1041 4166 1184 4230 Getieum,
1195 4168 1252 4220 Cu·

162 4242 228 4292 Nurr-
241 4241 355 4292 Narrat.
371 4237 580 4304 preferentibur.
725 4243 788 4292 suris
799 4241 962 4305 cimeteriur,'
973 4244 1023 4296 dre.

165 4317 317 4370 '¹Retirroe
343 4316 473 4381 rturdurii]
498 4317 592 4370 Retiuu
618 4317 683 4368 rilloe
