3098 4878
278 335 365 408 '352
660 361 693 408 u.
717 359 837 410 rotun
862 357 1025 410 securint

299 501 399 568 dubie
414 501 553 567 humore
567 505 693 567 terreno
707 503 846 586 peeoi,⁴⁶
860 505 939 588 quie
954 505 1056 569 urire‘¹
1073 503 1212 568 dimidio
1227 522 1378 576 nonnun-

300 622 400 686 quam
410 610 438 650 ⁴⁷
452 603 644 667 maculosa*
657 610 816 680 cernatur,
829 604 1111 668 scilicetnondum
1126 609 1326 686 suppetente
1336 607 1379 672 nd

297 703 512 768 hauriendum
527 703 611 766 ultra
619 703 714 786 justu
728 703 762 766 vi
773 723 781 781 ;
791 703 818 750 ⁴⁸
831 703 979 766 mucules
995 705 1102 767 euim·
1115 724 1183 768 nou
1198 705 1378 770 aliudesse

299 823 400 886 quem
415 811 510 868 terrue
524 811 638 886 ruptus
652 823 727 868 uum
737 803 874 866 humore
889 803 1026 867 sordes:

339 908 408 982 (x.)
430 905 593 969 Defectus
614 915 723 968 autem
739 905 878 982 suos4⁹⁸
899 910 933 968 et
951 904 1053 982 Sulis,
1072 924 1139 968 rem
1156 906 1191 968 in
1211 911 1281 970 tute
1302 926 1378 970 con·

294 1005 506 1087 templntioue
518 1011 643 1068 nuturoe
656 1007 801 1070 maxime
815 1006 943 1080 miram,
959 1011 992 1069 et
1005 1011 1140 1069 ostento
1155 1007 1307 1084 similem,
1322 1026 1378 1070 eo·

296 1125 368 1170 rum
383 1104 651 1187 magnitudinum,
664 1107 853 1188 umbraque
867 1106 995 1170 indices
1009 1108 1165 1170 existere.

340 1224 407 1270 vrr.
434 1206 570 1288 Quippe
596 1205 808 1270 manifestum
830 1212 893 1280 eet,
915 1205 1031 1270 Solem
1059 1206 1245 1270 interventu
1270 1206 1375 1270 Lunae

746 1396 926 1417 OOWO

293 1533 359 1580 -te
375 1528 481 1578 llureere
498 1541 553 1578 erro
571 1533 672 1586 terrere,
692 1532 718 1576 et
736 1527 824 1588 edere,
840 1527 901 1576 leod
915 1527 984 1576 delle
1001 1527 1066 1590 perri
1085 1527 1239 1578 Deire-ti
1257 1528 1376 1591 Exempl.

294 1605 346 1643 ret.
362 1592 473 1653 Eretmi,
487 1606 605 1654 eurtum
620 1605 687 1649 trote,⁸
705 1591 796 1640 Delec.
813 1595 1002 1654 uxrem-⁴8
1019 1589 1101 1640 cutffl.
1116 1594 1180 1640 ultre
1197 1592 1257 1640 lerir
1276 1593 1375 1642 tri-lt

294 1657 358 1707 eoo.
376 1657 466 1705 Delec.
487 1655 601 1714 Defertur
617 1670 641 1703 ι.
658 1654 721 1714 rite:
738 1660 818 1704 tutem
836 1667 896 1703 veru
905 1654 1037 1716 periodum
1050 1655 1087 1703 ite
1097 1655 1159 1716 legit
1172 1656 1374 1718 Deleeempiue:

293 1721 407 1781 Desertus
417 1725 498 1768 meet
515 1720 562 1774 eei,
577 1723 601 1767 et
619 1717 690 1776 Solle,
706 1732 759 1780 qua
769 1719 840 1766 reris
850 1723 955 1768 tetrum.
965 1723 1016 1768 eet.
1026 1733 1092 1768 etex.
1106 1719 1176 1780 erin,
1190 1724 1216 1768 et
1225 1725 1271 1769 oet.
1281 1719 1376 1781 mille,

289 1799 339 1834 eor.
349 1783 536 1844 mgeitudieeer
543 1781 679 1842 nurumque
689 1782 738 1829 led.
750 1781 859 1831 notae.

779 1955 885 2008 Nonne

291 2073 411 2131 letanter
419 2071 537 2130 eleimon
545 2070 670 2133 τρέφεσθαι
680 2071 714 2131 τῦ
724 2069 797 2132 ὑγρᾷ.
853 2077 911 2119 tunt
929 2069 961 2118 ed
978 2070 1105 2119 humorem
1125 2069 1301 2133 lreurieudum,
1318 2077 1373 2121 tum

323 2152 417 2208 uQuio
431 2147 496 2210 orie]
513 2149 552 2197 Ex
563 2148 642 2196 Luner
657 2146 812 2196 nutrimentu
852 2151 923 2193 uerte
945 2145 1057 2193 ebitum
1077 2143 1202 2206 declaret,
1223 2157 1282 2192 curn
1305 2145 1372 2196 vtree

290 2227 359 2278 oillei
375 2227 414 2275 eit
429 2225 535 2274 elmileur
551 2237 607 2272 etue
620 2223 726 2272 ullorum
745 2219 812 2270 eide·
852 2219 904 2268 itte
915 2217 1041 2278 effuerint,
1051 2219 1100 2268 hee
1110 2224 1158 2274 ert,
1174 2218 1236 2267 orbe
1249 2219 1334 2281 pleno,
1344 2227 1372 2270 et

289 2317 345 2351 rum
373 2307 488 2364 peetuur:
516 2299 593 2348 Luute
617 2305 702 2347 eutem
726 2297 811 2346 eibum
846 2295 900 2358 jem
919 2295 1081 2357 prenitente,
1098 2309 1129 2342 ιο
1145 2308 1219 2356 pune
1236 2302 1321 2344 terre:
1338 2297 1372 2344 ed

289 2373 403 2439 ejusdem
414 2371 749 2434 mnruliedeclureriputet.
852 2371 981 2420 oculorum
1001 2369 1082 2434 megin
1094 2369 1230 2432 judicium,
1247 2384 1322 2433 quum
1338 2369 1371 2419 ed

320 2449 474 2512 *Moruleeu1
486 2447 544 2497 llue
554 2453 602 2506 ert,
611 2461 684 2511 enque
696 2447 810 2510 purtiuue
850 2444 1053 2495 Aetruuunninem
1071 2444 1187 2507 ὄιιρίβειιν
1202 2445 1318 2494 oratioue
1330 2460 1373 2496 ee·

288 2523 386 2574 diuite:
404 2524 486 2574 elterr
503 2529 575 2586 perte
593 2521 656 2571 lucie
674 2523 758 2585 plene.
773 2524 810 2572 ιΙ-
850 2520 1018 2570 commodato.
1049 2519 1116 2568 Vide
1128 2519 1209 2568 Notus
1225 2525 1252 2567 et
1263 2519 1373 2570 Emend-

288 2607 344 2648 tere
356 2601 428 2650 tetris
439 2599 552 2648 obducto
562 2597 685 2658 tenebrie,
695 2604 722 2646 et
732 2596 810 2646 freru-
851 2609 919 2643 uuur.
931 2599 971 2644 12.

287 2673 367 2723 lente.
400 2674 491 2737 Neque
511 2673 580 2722 eninr
596 2671 629 2720 de
649 2671 680 2720 iio
697 2671 812 2734 merulis,
882 2671 1014 2720 ‘Mecum
1032 2669 1262 2732 rerumrerum
1279 2670 1370 2722 merite

286 2761 349 2811 quee
369 2761 415 2798 eut
433 2746 509 2796 hodie
526 2760 560 2796 eo
578 2745 678 2794 nomine
698 2746 810 2808 oppelle·
849 2759 940 2794 reeene
952 2745 1126 2795 Aetrunumiur
1138 2759 1194 2809 quer
1206 2744 1273 2808 quod
1284 2761 1369 2796 meeu-

286 2835 353 2886 mut,
364 2835 445 2886 neque
456 2822 482 2870 in
494 2822 566 2870 lunt
580 2821 662 2876 modu.
679 2819 724 2870 sed
741 2827 769 2870 et
784 2822 809 2870 iu
850 2822 902 2869 Ιοιι
920 2821 992 2870 lunen
1002 2827 1131 2882 cernetur,
1143 2821 1190 2868 nee
1200 2827 1248 2881 eet,
1258 2821 1319 2870 orbe
1331 2823 1369 2872 in·

286 2895 346 2946 Sole
365 2897 422 2960 ipro
441 2895 662 2959 deprehendimur,
681 2895 809 2958 reeipien·
850 2894 942 2944 rhoutu
964 2899 1072 2958 trutrrm,
1094 2895 1135 2943 rel
1160 2892 1272 2957 dimidiu,
1294 2895 1318 2944 id
1335 2911 1368 2945 ex

287 2971 336 3018 due
357 2979 412 3019 eut:
437 2971 475 3019 uti
495 2972 618 3020 lienteuue
646 2971 679 3019 ul>
699 2971 807 3021 eruditis
848 2969 969 3033 oppositu
991 2984 1048 3018 rum
1073 2969 1132 3019 Sole
1160 2969 1286 3020 duntnet
1308 2973 1369 3022 oriri
1433 3008 1436 3014 .

286 3042 473 3092 existimetumr
490 3043 583 3106 ulloqui
594 3056 643 3091 uon
656 3044 716 3093 urbe
734 3045 807 3093 dimi·
847 3050 919 3094 reete
931 3044 1059 3094 admonet.

286 3118 340 3179 diu,
355 3119 401 3168 eed
412 3119 475 3167 orbe
485 3115 565 3167 ferme
583 3125 638 3167 toto
655 3119 808 3169 merulueem
876 3120 885 3152 ῑ
901 3120 1015 3180 Drseotee
1030 3125 1109 3170 eutem
1124 3120 1188 3184 reor]
1206 3121 1285 3170 Luna
1301 3123 1369 3172 erili·

285 3194 338 3244 diei
350 3193 473 3257 oportuit.
506 3193 550 3242 sle
560 3193 634 3256 hujus
652 3193 725 3243 initio
738 3197 808 3258 erpi·
846 3201 900 3253 eet,
911 3211 941 3244 ee
951 3193 1045 3244 deiude
1063 3196 1139 3255 Solle,
1149 3209 1182 3244 ex
1194 3195 1285 3258 qnibue
1297 3197 1368 3246 Lnue

285 3269 330 3332 tit,
344 3271 353 3298 ⁸
366 3263 464 3326 uoto:
478 3267 571 3332 inquit,
587 3269 681 3332 ‘nque
691 3267 807 3332 portione
846 3268 901 3330 iper
912 3269 1000 3319 decuit
1011 3269 1144 3333 utriunque
1162 3269 1254 3320 uiderit
1273 3277 1301 3320 et
1316 3285 1367 3320 ιιι·

284 3345 376 3398 dirius.
387 3343 462 3393 modo
480 3343 582 3392 eiuuete
599 3343 625 3391 in
641 3343 738 3398 orbem.
756 3357 808 3392 tue·
847 3343 937 3393 burum
956 3344 1051 3394 umbre
1071 3345 1271 3408 pinguitudinem
1293 3361 1367 3410 poree

285 3421 381 3482 oulen,
397 3419 536 3484 eodemque
553 3419 637 3468 eutitu
655 3418 807 3481 praeuiteue’
846 3417 964 3481 intelligi.
999 3417 1065 3467 lino
1078 3419 1145 3468 enirn
1156 3419 1188 3469 ed
1201 3421 1243 3469 ille
1254 3422 1367 3484 ruperin-

284 3493 418 3544 Meruloen
427 3493 464 3543 illi
476 3501 523 3548 eet,
538 3507 595 3544 euru
607 3508 680 3556 eque
690 3494 806 3556 portione
846 3493 880 3541 riu
895 3493 989 3557 repitit
1003 3491 1158 3556 referuntur,
1174 3495 1242 3544 nude
1252 3497 1317 3544 mele
1328 3495 1368 3546 di·

284 3567 423 3617 dividitur:
441 3567 580 3632 eademque
592 3569 736 3631 pmuiteut,
747 3582 806 3618 eum
846 3569 919 3618 uulua
936 3577 996 3618 eunt
1013 3568 1136 3618 lreeteunt
1154 3569 1186 3619 eb
1206 3571 1296 3634 linqui
1313 3573 1366 3622 Pil·

284 3640 384 3690 einuete
405 3647 446 3691 eet
472 3641 497 3689 in
519 3641 615 3704 urbem,
637 3647 663 3690 et
684 3642 806 3690 immense
845 3643 947 3694 uieuum
964 3657 1027 3706 upur
1047 3645 1072 3692 lu
1084 3644 1171 3707 oepitu
1185 3645 1366 3708 digeeeerunt:

283 3715 348 3764 orbe
365 3718 450 3779 pleno.
488 3714 541 3763 Aut
559 3715 725 3778 querendum
745 3730 805 3766 eene
845 3717 941 3766 ‘ilerd
953 3719 1005 3766 ecio
1017 3719 1171 3768 euomuium
1186 3735 1244 3782 quer
1259 3722 1284 3770 iu
1302 3723 1367 3772 uuio

284 3789 396 3848 ridetur.
413 3790 546 3855 ecquando
557 3789 665 3851 primum
677 3789 806 3840 mueuluee
845 3792 964 3856 peruueei
977 3800 1123 3855 potueruut,
1134 3795 1274 3858 megittrnl
1298 3798 1366 3848 Qen-

283 3865 326 3918 elt.
345 3877 404 3913 mex
423 3865 516 3913 nitenti
532 3861 614 3912 serie:
631 3877 688 3912 euru
705 3877 742 3912 ee
754 3878 805 3932 mn·
845 3881 873 3916 re
893 3881 1028 3929 perperene
1045 3867 1207 3934 Hermaites,
1222 3885 1298 3935 quem
1317 3871 1365 3922 Le·

282 3940 348 3988 eulte
370 3947 425 3989 tum
450 3939 558 3988 maxime
579 3939 723 4002 eeuepieuoe
744 3939 804 4001 rint,
845 3942 896 3992 tiue
910 3943 938 3990 in
957 3941 1071 3992 editione
1085 3957 1131 3993 ιιι
1142 3951 1181 3994 eet
1192 3953 1368 4004 erentuueeee

282 4025 341 4066 eum
356 4013 420 4062 erbe
438 4013 513 4076 pleno
532 4014 605 4062 uitet.
638 4013 733 4063 Verum
747 4028 804 4064 euru
844 4018 952 4080 inducit,
967 4024 997 4066 ut
1012 4018 1367 4087 mreponetssepnguenti·

283 4087 327 4136 lree
338 4090 459 4153 merulus,
470 4090 502 4139 de
513 4090 605 4155 quibus
615 4091 681 4153 egit,
693 4098 747 4140 tum
758 4105 804 4153 pu·
843 4092 890 4142 bue
901 4092 964 4143 Mur.
975 4099 1003 4142 et
1014 4093 1085 4142 librie
1095 4091 1182 4143 editie.

284 4166 324 4210 tet
335 4163 404 4220 eriri,
422 4179 479 4216 eum
497 4166 610 4216 nundum
629 4165 696 4216 vireu
711 4181 803 4231 ruppe·
