3016 4876
250 359 296 442 '24
552 391 743 442 ruurnuro
766 391 819 440 so.
842 392 1048 442 nnnuorrrr.
1174 449 1180 460 ,

256 551 393 600 nnxrv.
416 535 479 600 etsi
499 532 530 602 ie
550 535 708 620 deinceps
722 536 756 599 iu
770 534 920 600 omuibus
935 535 1003 600 sere
1019 533 1120 600 Plinii
1135 485 1338 600 editionibus

254 644 306 704 out
319 638 515 721 adoptatus:
538 637 600 702 sed
623 638 791 702 verborum
817 636 916 718 plene
937 635 1156 718 singulorum:
1180 637 1339 720 quonium

253 740 341 804 boue
357 754 435 824 pure
450 739 580 804 lotium
595 737 716 820 lingum
730 737 795 801 hoc
814 755 882 800 uuo
897 737 1081 802 continetur
1095 757 1207 820 opere,
1221 738 1255 801 iu
1269 752 1338 820 quo

253 847 288 906 et
301 859 418 906 vocum
435 840 580 906 occurrit
592 838 833 923 propemodum
847 838 948 921 copie
959 835 1097 915 infinite,
1116 845 1152 902 et
1174 837 1340 922 siguifica-

254 949 309 1010 tus
323 941 509 1025 singularis.

298 1043 399 1108 Hunc
413 1061 511 1125 porro
525 1040 685 1105 tutionem
699 1041 732 1104 iu
747 1038 962 1122 explanando
978 1045 1047 1104 tem
1062 1040 1191 1106 erudito
1205 1048 1339 1124 temque

254 1145 375 1212 diffuso
388 1163 488 1228 opere
503 1144 609 1207 secuti
623 1160 748 1219 somus,
771 1147 807 1205 ut
821 1161 862 1205 ue
876 1142 1001 1224 saepius
1015 1160 1037 1205 a
1051 1143 1146 1207 uobis
1158 1143 1272 1207 endem
1288 1144 1339 1208 di·

254 1253 422 1312 cenentur:
438 1253 476 1310 ut
489 1244 590 1309 semel
606 1249 739 1319 tuntum,
754 1249 888 1326 propter
899 1243 1082 1307 institutum
1092 1244 1253 1308 rationem
1268 1247 1340 1310 brc-

254 1348 378 1424 vitutis,
401 1345 625 1411 abstrusiores
638 1343 742 1426 poulo
756 1362 859 1408 voces
872 1349 906 1406 et
919 1344 1063 1426 propriso
1084 1344 1243 1418 locorum,
1267 1349 1340 1412 cui·

253 1447 403 1523 mulium,
431 1445 695 1529 agricolationis,
717 1442 904 1521 vindemiae,
931 1445 1128 1524 morborum,
1153 1445 1339 1527 herborum,

255 1555 500 1628 ceterorumque
526 1545 700 1630 ejusmodi,
725 1545 999 1628 explanarentur:
1021 1566 1090 1630 quo
1114 1555 1225 1614 eutem
1250 1550 1338 1627 loeo,

254 1648 504 1731 intelligendum
517 1665 562 1712 ex
578 1647 712 1712 Indice:
735 1648 842 1730 priore
856 1647 945 1712 enim
959 1647 1028 1712 sere
1048 1651 1123 1713 loco
1146 1669 1187 1714 ec
1201 1669 1340 1716 numero

254 1769 306 1815 res
319 1769 361 1814 eu
374 1748 555 1814 deciditur:
577 1748 620 1813 de
638 1767 705 1832 que
724 1749 754 1812 si
773 1749 905 1831 quoties
920 1749 1068 1814 occurrit
1080 1769 1133 1828 es,
1153 1751 1341 1836 discepten-

255 1853 335 1918 dum
349 1851 443 1930 soret,
465 1853 499 1915 iu
521 1851 688 1933 ingentem
706 1852 826 1915 molem
840 1850 1159 1918 Commentariorum
1176 1853 1267 1917 istud
1281 1873 1340 1920 uo-

151 2021 155 2030 ,
254 1954 369 2020 lumen
392 1959 610 2018 excresceret.
653 1953 711 2017 Sic
735 1961 846 2018 tumen
869 1953 997 2018 iuterim
1017 1953 1152 2032 hebeto,
1174 1956 1340 2022 nolimus

255 2056 354 2119 uobis
368 2074 442 2120 esse
457 2055 713 2138 praetermissum
735 2053 903 2131 voculam,
919 2053 974 2118 cui
989 2052 1197 2122 difficultatis
1211 2057 1340 2140 aliquid

256 2159 394 2223 subesse
408 2157 558 2240 suspicio
571 2155 676 2228 soret:
698 2154 820 2220 nullum
830 2156 1038 2233 intentatum,
1053 2156 1273 2225 iudiciumne:
1289 2161 1340 2224 sic

255 2264 306 2321 ut.
319 2277 394 2322 cum
418 2277 539 2341 pauoae
564 2257 715 2340 quiedam
738 2258 858 2322 incerti
880 2257 978 2322 nobis
996 2257 1200 2338 significatus
1214 2270 1340 2341 esseut,

256 2379 342 2447 quas
362 2361 395 2424 iu
418 2365 511 2424 tonte
532 2377 638 2424 rerum
660 2359 821 2425 bonarum
842 2360 943 2442 copie
957 2361 1138 2443 praeterire,
1151 2377 1226 2428 ‘nou
1239 2362 1340 2428 modo

256 2462 331 2526 siue
354 2461 420 2525 ullo
444 2459 543 2525 tame
566 2459 740 2543 dispendio
759 2459 889 2536 liceret,
913 2460 973 2524 sed
994 2461 1094 2524 etiem
1112 2469 1221 2528 tutum
1236 2473 1339 2540 esset,

256 2563 310 2628 vel
327 2561 473 2627 dictante
488 2560 672 2643 proverbio,
698 2559 808 2639 ‘Quae
827 2561 972 2639 dubites,
989 2581 1029 2626 ue
1043 2561 1162 2627 seceris
1174 2562 1193 2628 :'
1214 2565 1340 2629 melue-

256 2665 356 2729 rimus
370 2671 483 2728 temen
497 2661 531 2725 id
551 2661 689 2744 ingenue
706 2662 866 2746 profiteri,
890 2682 931 2727 uc
953 2664 1063 2728 miuus
1088 2665 1199 2729 collidi
1221 2667 1256 2729 in
1277 2685 1341 2731 uos

257 2763 601 2844 existimationemque
621 2769 779 2842 nostram,
800 2763 974 2848 minusque
996 2765 1096 2830 astuti
1113 2765 1226 2844 videri,
1239 2786 1341 2851 quem

256 2866 364 2930 miuus
377 2862 505 2946 ingenui
519 2881 560 2926 ec
573 2864 756 2946 simplices.

300 2965 374 3031 Nec
398 2963 587 3028 dubitemus
612 2967 713 3029 etium
735 2965 814 3049 quin
830 2967 923 3049 politi
938 2967 1044 3050 magis
1057 2969 1092 3033 hi
1107 2967 1340 3036 commentarii

257 3067 350 3132 exire
362 3064 539 3150 potuerint,
562 3065 592 3129 si
618 3067 692 3150 plus
714 3068 872 3150 temporis
895 3075 928 3133 et
950 3069 1010 3133 otii
1026 3068 1204 3136 fuissetsd
1218 3091 1277 3138 eos
1290 3093 1341 3137 re·

258 3164 501 3252 cognoscendos
515 3166 761 3253 limmdosque:
777 3174 836 3233 uut
846 3169 926 3252 quin
937 3175 1033 3234 notus
1045 3189 1088 3234 ex
1103 3173 1146 3235 iis
1157 3171 1246 3238 haud
1258 3193 1340 3240 seue

256 3285 385 3355 peuces
397 3269 430 3334 iu
444 3270 519 3351 ipse
533 3269 628 3354 precli
642 3269 854 3336 festinatione
863 3271 985 3338 effusus
994 3271 1100 3337 fuisse
1112 3293 1164 3339 res
1178 3275 1252 3358 ipse
1265 3296 1341 3360 pro-

258 3371 365 3436 ditura
387 3371 451 3436 sit:
481 3370 540 3434 sed
563 3391 649 3436 nuuc
672 3373 805 3455 quidem
831 3372 968 3438 laudern
991 3369 1059 3438 illu:
1082 3393 1148 3438 uou
1172 3387 1340 3459 quierunt:

258 3473 342 3537 sutis
364 3473 428 3538 erit
452 3472 481 3536 si
505 3472 633 3536 veniam
649 3481 842 3540 mereantur·
885 3472 930 3538 Et
942 3493 1024 3556 spes
1037 3481 1090 3540 est
1104 3475 1231 3559 alioqui
1244 3479 1341 3544 uobis

257 3575 430 3639 multorum
453 3573 608 3656 exemplo
631 3578 755 3658 scriptu
768 3581 895 3652 nostre,
909 3577 1064 3659 quumvis
1078 3576 1171 3641 edite
1180 3579 1252 3662 jun
1268 3599 1342 3662 per·

258 3675 469 3758 vulgatoque,
502 3692 576 3737 curu
601 3675 637 3738 id
661 3679 842 3741 necessitas
868 3677 1073 3760 poposcerit,
1098 3679 1160 3744 sub
1185 3680 1341 3746 incudem

257 3797 427 3854 revocure,
443 3779 478 3840 ut
491 3773 582 3858 quod
596 3776 805 3843 informatum
819 3777 920 3844 modo
943 3778 1196 3863 inchoatumque
1217 3788 1268 3846 est
1292 3784 1342 3846 ui·

257 3882 364 3944 resen
386 3877 504 3959 magis,
526 3883 562 3940 et
586 3875 732 3942 editione
754 3879 857 3946 ultera
879 3879 1064 3948 absolutius
1080 3879 1291 3966 limatiusque
1305 3887 1341 3950 in

257 3981 430 4065 publicum
443 3976 608 4060 prodest.⁰

279 4121 694 4194 [0uorumtruue1’rragrrphumr
706 4125 779 4177 ‘Nec
818 4128 916 4180 delerit
927 4127 1098 4192 Eudemum]

258 4200 422 4268 dnbitmur,'
431 4205 481 4254 &e
495 4203 522 4253 iu
537 4199 656 4256 diditione
666 4201 779 4254 secunde
