3016 4876
499 398 691 450 euersum
714 401 768 449 ro.
793 399 996 448 assumar.
1243 385 1288 450 25

242 540 378 620 Quanta
399 541 611 607 nibilominus
636 543 684 606 rei
709 541 864 606 literariee
887 562 931 608 ex
946 542 1039 608 bisce
1055 545 1178 608 uostris
1191 544 1286 610 lucu·

198 644 406 710 brationibus
420 644 548 709 utilitas
561 661 739 710 accessura
762 645 815 720 sit,
840 643 915 708 aliis
938 643 1172 708 aestimandum
1189 646 1286 712 reliu-

198 747 355 830 quimus:
370 753 497 830 quauta
520 765 600 811 vero
626 741 669 811 eir
691 746 756 811 boc
780 745 951 828 singulari,
969 749 1068 829 atque
1086 746 1286 814 hauddubie

198 848 330 914 toelastl
344 868 456 932 opere,
476 868 563 914 nuuc
578 849 709 914 scilicet
723 849 765 913 ad
780 849 939 914 amussim
954 847 1130 914 emendato
1145 851 1287 933 castiga·

198 955 318 1033 toque,
332 950 555 1014 emolumenta
574 951 739 1034 speranda
754 951 831 1027 sint,
847 949 958 1014 secere
968 950 1040 1034 jam
1054 950 1185 1032 pridem
1195 950 1286 1033 judi-

200 1050 290 1114 cium
304 1050 423 1115 eruditi
436 1051 508 1114 viri.
551 1050 591 1114 lu
605 1050 735 1115 infinita
749 1070 855 1135 prope
874 1056 1022 1116 veterum
1045 1051 1203 1116 librorum
1217 1071 1285 1116 nun

194 1151 340 1234 jactura,
364 1153 424 1216 sed
447 1152 636 1235 naufragio,
661 1172 728 1217 nou
747 1153 853 1230 clade,
868 1152 927 1217 sed
950 1153 1093 1228 interitu,
1117 1157 1204 1216 ‘nou
1229 1172 1286 1218 su·

200 1253 422 1316 mnsomnino
446 1255 577 1337 superis
599 1254 732 1332 odiosi,'
761 1256 933 1338 inquiebat
951 1254 1031 1319 olim
1055 1254 1286 1334 Hermolaus?

201 1352 363 1436 ‘qnando
389 1361 557 1437 superstes
587 1361 637 1420 est
664 1357 806 1421 Plinius.
860 1355 1031 1420 Sustentat
1060 1355 1117 1420 ille
1144 1374 1206 1420 nos
1235 1360 1286 1421 ut·

201 1473 344 1538 cumque
372 1455 520 1533 mutilus,
555 1458 759 1534 decurtatus,
789 1457 889 1522 lacer.
955 1456 1034 1520 Nisi
1059 1463 1200 1536 extaret,
1231 1477 1287 1523 ac·

202 1563 274 1620 tum
301 1563 401 1634 esset,
427 1558 641 1623 tunderemus
675 1578 797 1643 aquam
822 1577 958 1623 omues:
992 1559 1020 1622 si
1049 1557 1176 1634 eadem,
1209 1577 1286 1642 quae

202 1666 344 1735 ceteros,
369 1657 548 1725 ademisset
573 1679 646 1726 eum
679 1661 775 1725 nobis
798 1661 986 1738 calamitas,
1014 1660 1188 1745 profligata
1207 1679 1285 1742 spes

203 1761 311 1825 omnis
336 1771 426 1826 esset
450 1762 578 1827 Iatinae
607 1762 654 1826 rei
682 1762 935 1828 constituendae.
989 1762 1088 1826 Nunc
1117 1780 1158 1826 eo
1187 1760 1284 1840 duae,

202 1880 395 1946 quanquam
415 1864 598 1927 semianimi
626 1870 659 1928 et
682 1865 857 1947 exsangui,
879 1865 1043 1928 vivimus:
1066 1868 1098 1925 et
1121 1861 1187 1925 nisi
1211 1863 1285 1943 ipse

202 1963 283 2027 mibi
310 1964 470 2043 blandior,
497 1965 625 2031 videtur
646 1965 680 2029 iu
702 1965 775 2030 dies
799 1965 970 2049 proficere,
993 1964 1134 2029 habetur
1156 1963 1190 2028 iu
1213 1981 1285 2028 ma·

202 2065 311 2143 nibus,
339 2067 533 2145 celebratur,
558 2066 688 2132 colitur.
741 2068 904 2134 Censetur
933 2069 1099 2144 indoctus,
1122 2065 1180 2150 qui
1216 2065 1286 2131 Pli-

202 2169 295 2232 nium
309 2187 376 2233 non
390 2168 490 2251 legit:
504 2169 682 2246 indoctior,
696 2169 754 2251 qui
768 2170 888 2233 lectum
904 2170 1105 2233 coutemnit:
1128 2167 1287 2231 indoctis-

203 2269 320 2348 simus,
331 2270 385 2334 cui
400 2289 466 2334 non
477 2272 579 2353 sapit.
626 2270 735 2335 Debet
745 2271 838 2336 aetati
852 2275 970 2334 uostrae
985 2269 1073 2352 plus,
1088 2288 1189 2352 quam
1201 2287 1286 2348 snm,
1309 2255 1312 2262 ’

204 2370 354 2436 Plinius:
380 2370 440 2436 sed
451 2391 511 2437 uos
525 2372 556 2436 ei
574 2373 692 2455 mag‘s,
708 2373 765 2456 qui
782 2391 840 2456 per
861 2371 954 2436 illurn
975 2371 1121 2436 maxime
1136 2370 1288 2435 subsisti·

203 2491 287 2536 mus.
328 2471 398 2538 Alii
423 2493 490 2538 rem
515 2475 667 2539 Latinam
688 2474 855 2558 juvemut,
878 2474 935 2538 ille
956 2474 1028 2556 ipse
1043 2471 1138 2537 nobis
1157 2477 1208 2536 est
1221 2471 1287 2536 La·

203 2572 309 2638 tium!
351 2573 457 2659 Atqui
472 2574 506 2639 id
520 2595 561 2641 eo
576 2595 650 2641 sevo
662 2576 873 2660 pronuntiare
886 2574 917 2639 si
927 2573 1113 2650 verelicult,
1125 2573 1156 2638 si
1170 2573 1204 2636 in
1220 2593 1287 2638 uuo

203 2675 268 2738 boc
282 2674 366 2739 libro
388 2676 518 2740 Latinae
531 2678 578 2741 rei
599 2679 721 2760 puppis
739 2685 772 2743 et
787 2695 887 2760 prora
900 2675 1024 2740 versari
1037 2675 1154 2738 merito
1168 2675 1289 2739 existi·

204 2781 293 2841 mata
306 2783 368 2856 est,
383 2795 461 2842 curn
475 2784 525 2843 tot
538 2779 645 2844 adbuc
659 2779 800 2843 salebris
814 2779 968 2852 horreret,
980 2783 1030 2842 tot
1039 2776 1168 2840 mendis
1178 2785 1287 2841 scate-

203 2882 266 2954 ret,
287 2895 347 2942 seu
358 2879 468 2944 verius
483 2880 656 2944 monstris:
679 2879 759 2964 quid
778 2879 822 2942 iis
844 2878 982 2943 feliciter
996 2876 1191 2960 profligatis,
1206 2877 1286 2960 quid

204 2977 338 3043 deterso
351 2998 393 3044 eo
409 2998 517 3063 opere,
532 2984 795 3064 perpurgatoque
802 2978 886 3062 jam,
898 2981 948 3044 uti
959 2978 1167 3056 confidimus,
1183 2996 1223 3042 ac
1238 2997 1288 3042 re-

204 3079 469 3163 splendescente,
493 3081 708 3160 sentiendum,
730 3087 787 3148 aut
805 3080 885 3165 quid
906 3083 1037 3146 omniuo
1059 3099 1126 3144 non
1150 3099 1287 3164 sperau-

206 3180 286 3246 dum
302 3183 478 3264 putemusl

248 3281 312 3346 Est
326 3284 438 3367 operis
458 3289 542 3349 certa
560 3302 618 3367 per
640 3302 677 3348 se
691 3284 798 3366 ipsius
812 3283 990 3366 susceptio,
1006 3282 1195 3366 dispositio,
1210 3302 1289 3348 oon·

204 3385 441 3468 formatioque,
469 3375 603 3468 grandis
623 3391 657 3450 et
678 3386 815 3470 capacis
838 3385 960 3468 ingenii
986 3402 1096 3468 opus:
1121 3383 1225 3467 idque
1246 3402 1287 3447 eo
1332 3461 1337 3472 ¹

205 3486 360 3569 grandius
374 3493 408 3552 at
425 3485 688 3568 magnificentius
709 3486 893 3550 existimari
917 3504 980 3567 par
1001 3493 1064 3562 est,
1087 3485 1177 3569 quod
1193 3503 1288 3550 nemo

205 3605 354 3673 unquam
375 3607 417 3652 ex
441 3587 530 3652 omni
553 3606 627 3652 aevo
652 3595 773 3670 praeter
794 3605 869 3650 aum
894 3593 1043 3669 repertus
1061 3595 1127 3663 est,
1141 3605 1183 3650 ue
1196 3584 1288 3668 apud

205 3687 381 3754 Groeculos
393 3689 471 3754 illos
486 3688 619 3773 quidem
640 3689 799 3772 loquaces
818 3696 854 3751 et
869 3688 1009 3764 otiosos,
1026 3689 1082 3769 qui
1097 3687 1286 3750 universam

205 3797 329 3854 naturae
344 3789 514 3855 historiam
525 3791 626 3856 unius
640 3789 765 3855 laboris
776 3794 809 3853 et
819 3787 932 3871 operis
941 3794 1148 3852 monumento
1159 3790 1288 3870 consig-

205 3891 299 3955 narit
321 3891 374 3956 Eo
389 3891 469 3956 orbe
484 3893 657 3967 doctrine,
671 3908 769 3972 quam
784 3886 1032 3974 ῑγκυκλοπαιδιῐαν
1043 3895 1175 3965 vocant,
1187 3907 1287 3972 quam

172 4027 175 4032 ·
205 3991 271 4058 sibi
286 3994 431 4078 quisque
445 3991 640 4076 particulam
663 3990 827 4072 delegerit,
846 3990 1032 4056 Auctorem
1054 3989 1168 4065 Iudex,
1189 4008 1287 4073 quem

503 4215 516 4250 r
533 4206 573 4257 ad
585 4206 676 4257 Picum
686 4207 839 4262 Mirandula
851 4207 986 4264 comitem·
