3016 4876
431 372 565 422 nacrro
589 372 613 420 ι.
637 372 750 421 raum
776 371 957 420 creamur.
1191 357 1233 424 47

147 513 233 578 tiens
249 521 288 577 s'e
303 509 386 579 satis
400 521 508 580 tutum
522 534 589 581 non
600 533 675 580 esse
688 515 721 578 in
736 515 802 580 istc
813 513 997 596 negationis
1011 513 1172 598 perfugio,
1185 514 1235 596 ig·

145 613 294 679 nominia
305 615 499 680 Suetonium
512 616 639 682 afficere
650 617 694 681 sit
705 636 819 694 ausus,
829 627 864 680 et
875 635 915 679 ea
925 614 1058 696 quidem
1072 616 1155 679 satis
1167 623 1234 680 tur-

144 711 192 796 pi,
206 735 282 798 quae
298 734 362 780 non
375 718 483 781 solum
496 718 592 782 tidem
606 719 655 782 illi
664 717 885 792 infirmaverit,
899 735 1010 780 verum
1024 715 1125 779 etiam
1137 716 1234 780 abro-

143 815 415 895 gaveritomuem
427 818 672 894 auctoritatem,
684 817 838 900 objectis,
847 825 905 881 aut
914 819 1055 898 ignavia,
1064 817 1118 881 vel
1128 817 1230 882 nimia

144 927 234 979 certe
249 917 460 998 negligentia,
476 938 534 1000 per
547 939 646 1002 quam
663 918 765 982 Plinii
778 918 801 983 J
804 918 928 982 unioris
943 918 1083 1000 patriam
1103 917 1232 982 Seniori

144 1017 350 1099 ascripserit,
371 1023 429 1082 aut
449 1019 547 1100 longe
562 1019 717 1083 deteriori
739 1020 885 1096 crimine,
908 1018 1011 1101 quod,
1033 1019 1067 1082 iu
1089 1019 1230 1100 gratiam

142 1115 245 1180 Plinii
252 1116 275 1181 J
278 1118 413 1196 unionis,
429 1119 611 1196 Seniorem,
626 1122 736 1202 patria
746 1119 987 1194 veronensem,
997 1118 1028 1183 N
1030 1138 1229 1184 ovocomen·

142 1237 212 1280 sem
227 1236 303 1281 esse
317 1219 560 1302 improbissime
573 1219 735 1285 affirmare
750 1239 814 1283 non
831 1220 1008 1297 erubuerit,
1022 1239 1062 1283 ac
1075 1219 1230 1284 fraudare

140 1317 330 1382 mendaciis
352 1321 591 1401 posteritatem.
635 1321 673 1384 Si
697 1319 829 1384 tuendae
844 1337 957 1382 causae
972 1327 1096 1383 nostrae
1111 1323 1228 1400 gratia,

142 1425 176 1480 et
199 1419 372 1483 refellendi
387 1420 528 1484 Panthei
545 1421 741 1503 cupiditate,
764 1421 912 1495 hucuca,
934 1419 1064 1494 Patres,
1079 1420 1230 1502 prolapsi

141 1536 303 1596 essemus,
317 1527 354 1583 ut
366 1530 526 1602 quantam
541 1523 605 1584 sibi
620 1520 789 1585 licentiam
801 1519 971 1583 Pentheus
982 1521 1149 1595 assumsit,
1160 1527 1229 1584 tan-

141 1623 207 1682 tam
231 1619 299 1702 ipsi
315 1621 413 1684 nobis
431 1623 723 1706 arrogavissemus,
746 1625 874 1685 tantum
891 1623 977 1696 ausi,
992 1631 1152 1703 quantum
1169 1639 1228 1685 vc-

139 1718 333 1799 luissemus‚
355 1729 439 1804 quot
461 1742 525 1786 nos
547 1722 655 1799 dictis,
679 1723 815 1804 putatis,
840 1721 897 1786 ille
915 1723 1133 1786 incessissett
1149 1741 1228 1786 nam

137 1817 252 1882 horum
279 1820 483 1901 cupidiorem
504 1841 578 1886 esse
604 1824 715 1887 multis
741 1841 879 1905 aspersa
907 1822 1013 1903 ipsius
1042 1822 1227 1905 disputatio

138 1920 304 1984 ostendit:
320 1931 408 1986 certe
419 1923 568 2006 pluribus
577 1924 793 1998 oneravisset,
805 1931 849 2001 et,
863 1929 898 1986 ut
912 1923 1078 1999 existimo,
1088 1923 1226 1987 irrideu-

139 2019 257 2082 dcrnm
275 2020 369 2086 linem
396 2025 497 2087 ullum
517 2044 581 2088 nou
606 2024 763 2102 fecisset;
788 2043 933 2107 quocum
950 2042 1013 2103 ego
1030 2023 1133 2086 simili
1148 2043 1226 2105 erga
1303 2041 1311 2050 ‘

139 2118 172 2182 N
176 2138 414 2188 evocomenses
437 2143 528 2187 meos
549 2122 691 2188 affectus
708 2125 889 2201 voluntate,
903 2142 972 2206 qua
986 2121 1041 2185 ille
1061 2142 1141 2203 erga
1155 2123 1225 2186 Ve-

137 2239 300 2285 ronenses
315 2241 407 2301 suos,
423 2225 483 2288 sed
499 2224 652 2287 dissimili
665 2225 817 2288 audacia
828 2223 1035 2301 contendam,
1052 2225 1226 2300 rationem,

136 2339 201 2384 non
223 2322 414 2405 opinionem
438 2329 578 2388 secutus.
624 2323 823 2406 Quanquam
844 2344 865 2389 a
889 2343 941 2386 me
955 2323 1121 2406 quodnam
1138 2322 1225 2386 adeo

136 2421 277 2498 firmum,
298 2428 399 2506 atque
423 2424 509 2488 adeo
526 2423 648 2488 stabile
672 2424 705 2486 in
728 2423 790 2488 hac
816 2442 918 2486 causa
933 2424 1003 2505 jaci
1025 2421 1224 2486 fundamen-

135 2529 205 2586 tum
215 2522 288 2604 jam
302 2525 424 2606 possit,
448 2524 540 2607 quod
559 2543 625 2587 non
647 2531 706 2588 aut
720 2524 869 2588 demoliri
889 2522 1012 2586 fuisset
1034 2541 1150 2599 ausus,
1166 2527 1225 2586 aut

135 2622 208 2704 ejus
223 2623 404 2688 imitatione
417 2625 527 2688 fautor
540 2631 573 2688 ct
588 2624 729 2706 cupidus
743 2622 885 2686 Panthei
899 2622 1008 2685 laudis
1029 2622 1226 2696 convellere,

136 2741 200 2786 non
218 2723 321 2788 video
336 2725 453 2788 ullum.
470 2724 538 2788 Sed
549 2743 624 2801 vos,
634 2722 765 2798 Patres,
775 2722 935 2804 alloquor,
949 2742 1014 2786 non
1028 2728 1223 2804 presentem

136 2822 346 2888 Pantheum:
368 2832 509 2890 vestrum
525 2831 670 2907 expecto
679 2822 853 2906 judicium,
871 2840 938 2884 non
961 2819 1104 2884 Panthei
1124 2840 1224 2902 nega·

135 2926 253 3000 tiones,
278 2944 362 3008 quas
385 2923 718 2988 demonstrationibus
739 2929 773 2986 et
793 2921 895 2984 firmis
917 2920 1130 3002 conjecturis,
1156 2939 1223 2983 non
1324 3000 1327 3012 Ι

134 3023 260 3088 sabulis
280 3023 351 3086 scio
365 3023 577 3088 commoveri.
624 3021 708 3104 Ergo
728 3021 906 3085 Suetonius
920 3019 1074 3084 historias
1082 3019 1153 3101 jam
1168 3039 1224 3082 os-

135 3125 275 3190 citanter
296 3129 330 3188 et
352 3125 471 3206 supine
493 3123 733 3198 conscribebat,
756 3128 793 3185 ut
811 3121 846 3183 in
861 3120 972 3185 locum
991 3120 1108 3202 patriae
1121 3118 1223 3184 Plinii

135 3225 283 3290 Senioris
303 3225 466 3299 Junioris,
497 3225 633 3287 alteram
657 3221 774 3284 nolens
801 3219 1037 3284 substituerctl
1081 3216 1152 3280 Aut
1178 3238 1223 3282 eo

134 3328 352 3412 impudentiae
368 3331 575 3408 pervenerat,
589 3331 624 3386 et
636 3322 774 3385 frontem
785 3319 869 3384 adeo
885 3317 1111 3400 perlricuerat,
1126 3322 1174 3394 ut,
1186 3318 1222 3380 in

134 3430 273 3510 gratiam
298 3426 400 3490 Plinii
425 3424 448 3489 J
452 3423 584 3499 unieris,
600 3421 782 3497 Seniorem,
806 3419 924 3501 patriae
946 3434 1015 3480 suae
1041 3415 1223 3492 ademtam,

134 3529 316 3592 ascriberet
324 3545 389 3590 non
405 3527 501 3588 suast
545 3523 612 3586 Sed
623 3523 709 3586 euim
728 3522 816 3584 bunc
830 3519 935 3582 virum
951 3516 1107 3598 opinione
1119 3516 1221 3580 virtu·

134 3629 193 3706 tis,
208 3635 241 3692 et
254 3627 413 3692 doctrinae
423 3625 595 3706 dignitate,
605 3623 869 3702 auctoritateque
879 3617 1131 3692 nobilissimum,
1147 3618 1222 3698 quis

134 3729 247 3794 credat
268 3726 461 3790 Suetonium
485 3722 707 3786 Comensibus
729 3720 924 3803 adjunxisse
945 3725 1093 3799 ereptum
1112 3715 1221 3780 Vero-

133 3827 303 3904 nensibus,
317 3846 379 3890 nec
395 3843 509 3889 eorum
525 3840 714 3904 quenquam
723 3821 933 3885 adversatum
943 3819 1040 3882 esset
1056 3817 1220 3880 neminem

133 3929 346 3996 latrocinium
370 3933 407 3990 et
429 3922 637 3988 mendacium
663 3919 910 4003 exprobrasset
964 3917 1050 3995 Quis
1075 3915 1220 3980 animum

133 4032 285 4105 inducat,
308 4034 346 4091 ut
367 4025 482 4090 credat
504 4019 780 4104 antiquissimam,
800 4018 1096 4100 opulentissimam,
1110 4023 1145 4078 et
1159 4032 1219 4095 po-

134 4131 358 4200 tentissimam
387 4125 550 4190 coloniam
573 4122 755 4201 Veronam,
778 4126 846 4186 tam
867 4117 999 4202 abjecto
1022 4122 1057 4182 et
1076 4113 1219 4184 demisso
