3016 4876
249 375 293 436 lo
592 385 640 436 uu
663 387 694 432 c.
718 385 836 438 rursu
863 384 1002 434 aarum

251 532 384 596 verbum
400 531 532 614 quidem
548 531 650 594 ullum
674 529 765 605 lecit,
790 529 881 611 quod
904 528 1098 611 intelligeret
1117 529 1161 594 ab
1184 529 1238 606 lis,
1258 550 1330 612 quar

250 632 496 698 denominandi
519 630 744 696 Romanorum
760 630 997 695 cousuetudine
1013 649 1034 694 a
1049 651 1086 694 se
1107 631 1236 713 aliquot
1257 639 1329 698 ante

251 735 344 798 aunls
372 733 460 797 edita
486 733 646 814 leguntur,
671 733 751 796 nihil
779 732 920 796 alienum
946 732 1050 814 magis
1076 734 1144 797 dici
1170 733 1330 816 potuisse,

250 853 351 918 quam
368 832 537 898 Securrdum
547 879 549 888 r
558 839 590 899 et
607 830 776 896 Secundum
790 831 924 897 familiae
940 853 1059 898 nomen
1072 853 1159 910 esse,
1174 852 1241 897 non
1254 853 1328 900 esse

256 933 411 1000 Valerium
427 945 485 1000 aut
501 933 663 999 Plinium:
691 939 804 999 contra
834 935 918 998 enim
945 953 1081 1016 prorsus
1103 935 1186 1000 illud
1208 954 1330 1018 eogno-

252 1059 325 1104 men
340 1047 403 1115 est,
422 1033 546 1100 Valeria
561 1042 595 1098 et
610 1033 733 1098 Plinius
747 1034 790 1099 ad
805 1033 964 1098 familiam
980 1035 1156 1117 pertinent,
1172 1037 1264 1120 quod
1279 1057 1331 1100 se-

252 1141 506 1224 quitur,patrem
522 1138 665 1201 Plinium
681 1157 723 1201 ex
738 1155 804 1200 uua
816 1135 945 1199 familia
955 1136 1153 1217 profectum,
1169 1136 1272 1202 liliam
1287 1157 1330 1201 err

251 1239 463 1307 Valeriorum
489 1246 684 1322 pentacon
710 1236 893 1301 Pliniorum
916 1236 1145 1302 descendisse.
1190 1236 1244 1302 Ex
1268 1236 1331 1302 hac

250 1342 365 1406 fabula
389 1347 511 1419 nemra,
533 1359 609 1422 quae
636 1345 815 1420 sequuntur
838 1337 880 1401 de
895 1340 1102 1417 cognatione,
1115 1338 1229 1402 eadem
1245 1357 1332 1402 som·

251 1443 314 1506 niis
335 1443 513 1518 simillima,
532 1449 641 1504 ortum
656 1438 810 1503 habuere.
855 1437 1069 1521 Calpumlam
1094 1439 1253 1517 Priscam,
1265 1440 1331 1504 Va·

247 1542 343 1608 lerim
364 1549 397 1606 et
422 1541 460 1606 L.
484 1541 655 1623 Calpurnii
681 1539 844 1618 Quadrati
875 1539 990 1616 liliam,
1014 1541 1053 1604 L.
1074 1540 1244 1624 Calpurnii
1265 1541 1333 1606 Pu·

253 1644 362 1709 dentis
391 1643 434 1708 V.
468 1642 657 1723 Vir..Aug.
684 1660 840 1717 sororem,
876 1640 980 1705 Plinii
1010 1641 1155 1706 Senioris
1190 1649 1333 1724 neptem,

252 1744 401 1809 Junioris
430 1762 510 1809 vero
543 1742 787 1819 consobrinam,
817 1741 860 1806 ad
898 1761 997 1822 qnam
1033 1742 1196 1825 Epistola·
1232 1743 1334 1808 Plinii

253 1847 420 1912 nonnullae
440 1846 528 1910 datae
548 1845 709 1926 leguntur,
730 1844 897 1908 extitisse.
939 1840 1028 1919 Qum
1047 1844 1122 1906 aliis
1137 1863 1268 1928 quoque
1281 1864 1334 1909 ar-

253 1950 426 2028 gumentis,
442 1966 542 2030 quam
564 1953 601 2011 ut
621 1946 707 2010 falso
727 1945 824 2010 initio
843 1946 998 2022 nitantur,
1020 1945 1064 2010 ab
1088 1946 1176 2008 omni
1200 1947 1333 2012 veritate

253 2049 429 2129 plurimum
457 2051 586 2126 abesse,
612 2068 665 2111 me
697 2049 793 2112 vobis
819 2067 893 2112 esse
918 2046 1017 2110 facile
1040 2047 1335 2112 demonstraturum

255 2169 364 2232 spero.
422 2148 489 2214 Cur
511 2150 597 2214 enim
626 2148 758 2212 Plinius
785 2149 902 2215 Senior
927 2147 992 2211 sibi
1015 2149 1053 2211 C.
1077 2146 1250 2212 Caecilium
1281 2167 1335 2212 so·

252 2251 336 2315 roris
354 2250 459 2315 filium
484 2251 669 2333 adoptavit,
690 2269 757 2313 uon
788 2257 942 2331 nepotem
969 2249 1009 2312 L.
1035 2247 1247 2331 Calpurnium
1268 2249 1334 2313 Pu·

254 2352 410 2418 dentem?
434 2351 610 2416 verisimile
624 2369 688 2414 uon
704 2359 767 2427 est,
783 2351 931 2432 neglecto
943 2356 1073 2431 nepote,
1082 2349 1154 2413 sive
1167 2350 1244 2414 lilim
1254 2349 1334 2428 filio,

253 2451 320 2517 sibi
347 2453 469 2517 sororis
495 2451 600 2515 filium
627 2450 786 2533 adoptare
817 2447 973 2515 voluisse.
1017 2448 1228 2532 Calpurniam
1259 2471 1335 2516 vero

255 2552 407 2618 Priscam
422 2573 496 2618 eam
518 2571 605 2630 esse,
625 2552 668 2616 de
690 2554 785 2636 cujus
804 2569 937 2617 secessu
960 2552 994 2614 in
1013 2551 1231 2634 Campaniam
1248 2552 1335 2617 libro

103 2719 110 2733 ,
195 2739 196 2744 ἵ
254 2651 478 2738 Epistularum
506 2661 605 2718 sexto
629 2654 760 2718 Plinius
783 2654 1006 2736 conqueritur,
1030 2671 1207 2717 aurursus
1231 2655 1334 2736 paulo

254 2763 332 2836 post
354 2754 467 2819 literas
488 2755 614 2818 similes
636 2753 742 2817 eidem
766 2753 871 2829 dedit,
890 2760 973 2835 puto
996 2754 1157 2817 nemiuem
1176 2774 1249 2820 esse
1270 2775 1335 2819 non

254 2857 317 2922 lroo
330 2877 388 2940 pro
398 2865 583 2922 commento
599 2855 799 2932 habiturum,
811 2856 879 2938 qui,
890 2873 967 2932 non,
983 2855 1071 2920 siout
1080 2855 1257 2934 Pentheus,
1271 2857 1337 2923 ies·

253 2959 363 3023 tinans
379 2960 503 3043 potius,
517 2964 554 3020 ut
568 2957 616 3019 ait
635 2954 734 3033 Cato,
754 2975 852 3038 quam
872 2975 1063 3038 properans,
1085 2957 1146 3022 has
1163 2956 1336 3040 Epistulas

253 3046 408 3123 accurate
431 3058 565 3141 legerit:
598 3063 677 3120 suut
696 3058 783 3122 euim
810 3057 969 3121 amatorie
990 3059 1195 3140 scriptumne
1218 3061 1334 3142 quales

120 3212 123 3220 .
254 3160 372 3225 deceat
386 3159 484 3222 uxori
498 3158 650 3222 maritum
666 3156 756 3232 dare,
772 3176 838 3221 non
855 3158 1072 3235 consobrinae,
1086 3158 1235 3226 foeminae
1251 3181 1335 3245 pree·

253 3261 362 3324 sertim
377 3260 463 3325 adeo
477 3257 651 3340 religiosae,
666 3267 698 3323 ot
711 3259 837 3322 sanctis
849 3259 994 3322 moribus
1004 3269 1141 3337 ornatae,
1152 3281 1250 3344 quam
1262 3282 1335 3328 eum

254 3360 426 3426 Pentheus
448 3359 589 3436 effinxit,
603 3359 722 3442 quales
743 3359 821 3424 item
836 3360 880 3425 ab
897 3379 1001 3424 uxore
1016 3363 1167 3426 maritum
1184 3365 1336 3446 accipere

255 3464 441 3540 conveniat,
464 3481 529 3526 non
555 3462 766 3528 consobrina.
810 3462 933 3526 Scribit
958 3461 1042 3538 hmo,
1066 3470 1187 3528 ‘uuum
1212 3465 1275 3530 hoe
1299 3487 1336 3530 se

254 3563 407 3628 solatium
424 3565 555 3640 habere,
577 3564 664 3647 quod
688 3563 791 3628 Plinii
812 3565 947 3628 libellos
971 3570 1108 3644 teneret,
1124 3565 1282 3649 ipsosque
1300 3568 1336 3632 in

254 3665 396 3744 vestigio
426 3683 488 3728 suo
517 3663 716 3730 collocaret'
761 3663 954 3730 ‘Invicem’
984 3664 1116 3731 Plinius
1144 3667 1335 3750 respondet,

254 3771 338 3847 ‘ego
351 3764 524 3849 Epistola·
535 3771 610 3830 tuas
621 3767 751 3832 lectito:
767 3775 866 3848 atque
877 3765 1055 3830 identidem
1065 3769 1097 3832 in
1108 3785 1226 3831 manus
1239 3770 1335 3852 quasi

253 3885 362 3931 noras
383 3885 500 3930 sumo:
531 3865 592 3930 sed
612 3885 652 3931 eo
670 3869 776 3950 magis
798 3867 842 3932 ad
863 3869 911 3932 tui
933 3866 1129 3932 desiderium
1150 3869 1339 3936 accendor!

254 3967 322 4032 Sed
338 3967 414 4031 volo
429 3966 490 4030 has
511 3966 682 4050 Epistulas
705 3969 854 4050 potuisse
873 3968 965 4045 dare,
980 3968 1198 4052 accipereque
1219 3988 1337 4036 conso·

253 4069 396 4146 brinum,
411 4075 444 4132 et
462 4067 711 4147 consobrinam
743 4088 823 4133 num
844 4069 942 4134 etiam
967 4067 1083 4134 decuit
1104 4070 1245 4136 eundem
1268 4071 1338 4136 Pli-

253 4169 344 4236 nium
367 4169 411 4236 ad
428 4169 659 4236 consobrinam
677 4169 764 4236 libro
782 4170 925 4254 septimo
938 4169 1084 4235 scribere
1109 4173 1285 4256 ‘maguam
1300 4192 1337 4238 se
