3006 4874
255 384 318 450 108
589 405 637 450 ua
658 405 690 450 c.
714 403 830 452 aaran
857 405 997 454 raram

254 561 327 612 rum
350 541 460 608 Coss!
502 543 571 609 Hic
595 546 683 610 eninr
706 545 795 610 tilius
810 545 1026 610 Domitianus
1040 565 1115 612 osse
1131 565 1197 610 nou
1212 545 1335 630 potuit,

255 643 312 726 qui
326 661 369 706 ne
382 642 486 708 semel
501 645 636 726 quidem
651 663 728 710 cum
742 653 834 728 patre
849 653 921 711 toto
947 647 1022 728 ejus
1048 649 1241 730 principatu
1263 666 1339 710 corr·

256 742 429 820 enituerit,
444 763 520 810 cum
532 745 630 812 Titus
645 749 781 830 septies.
825 747 928 816 Libro
940 749 1018 814 item
1028 750 1182 830 septimo,
1195 766 1272 829 cap.
1285 747 1338 812 49.

256 840 409 908 ‘Census
435 865 533 927 quem
556 848 641 912 intra
665 849 914 931 quadriennium
934 848 1157 933 Imperatores
1181 848 1337 913 Caesares

258 941 476 1028 Vespasiani,
486 956 583 1030 pater
594 949 755 1032 filiusque,
769 949 931 1014 Censores
943 949 1096 1032 egerunt,⁴
1107 949 1196 1014 idem
1205 950 1339 1014 Plinius

258 1045 384 1125 diceus,
399 1046 485 1112 haud
503 1049 603 1114 dubie
623 1049 748 1128 Titum,
773 1069 840 1114 non
863 1051 1104 1128 Domitianum,
1128 1048 1339 1132 significavit,

260 1167 360 1230 quem
374 1169 448 1213 cum
465 1155 557 1232 patro
572 1150 709 1214 lustrum
724 1152 914 1216 condidisse
934 1153 1136 1217 Censorinus
1152 1151 1186 1216 iu
1199 1151 1285 1215 libro
1301 1150 1342 1214 de

260 1246 328 1312 Die
343 1249 460 1318 Natali
472 1250 587 1314 scribit
606 1251 658 1315 his
674 1252 803 1316 verbis:
825 1252 937 1316 ‘Inter
950 1254 1091 1338 primum
1105 1273 1126 1318 a
1141 1253 1213 1317 Ser.
1228 1251 1341 1316 'lbrllio

260 1369 334 1432 rege
350 1352 519 1418 conditum
534 1353 686 1430 lustrum,
701 1359 736 1416 et
750 1354 783 1417 id
800 1353 887 1437 quod
903 1355 946 1419 ab
962 1355 1166 1438 Imperatore
1181 1352 1342 1435 Vespasi-

263 1469 327 1515 ano
348 1469 380 1514 v.
404 1459 437 1518 et
457 1452 537 1518 Tito
553 1454 687 1518 Caesare
704 1470 758 1517 ιιι.
773 1454 852 1519 Cos.
867 1456 1071 1533 factumest,
1091 1455 1170 1522 aeni
1185 1453 1342 1519 interfue-

261 1558 334 1619 runt
348 1555 449 1635 paulo
465 1555 576 1619 minus
603 1553 696 1618 ocu?
740 1555 833 1618 Idem
857 1556 968 1620 Julius
991 1554 1202 1639 Capitolinus
1226 1554 1342 1620 contir-

261 1661 331 1736 mat
345 1653 378 1717 in
396 1654 514 1719 Marco
529 1653 698 1720 Antonino
713 1656 861 1719 scribens
878 1677 886 1720 ι
909 1654 1076 1720 ‘Annium
1088 1653 1215 1720 Verum
1231 1654 1342 1720 Marci

262 1772 361 1824 avum
375 1755 410 1819 iu
425 1756 586 1838 patricios
597 1757 739 1820 ascitum
749 1774 770 1819 a
780 1756 984 1841 principibus
994 1755 1208 1841 Vespasiano
1220 1757 1343 1822 etTito

264 1852 468 1921 Censoribus
479 1854 498 1922 :’
522 1877 606 1940 quos
628 1876 742 1922 rursus
756 1858 842 1921 idem
856 1857 989 1922 Plinius
1001 1859 1162 1924 intellexit
1174 1857 1260 1922 libro
1273 1857 1344 1922 Na-

264 1957 380 2022 turalis
400 1958 564 2024 Historiae
589 1961 695 2037 tertio,
721 1961 830 2042 capite
844 1961 875 2023 5.
890 1960 1060 2042 iuquiens:
1083 1958 1239 2022 ‘Moenia
1252 1960 1345 2024 urbis

264 2058 424 2140 collegere
433 2060 559 2124 ambitu
570 2059 833 2142 imperatoribus
847 2059 1108 2142 censoribusque
1124 2058 1344 2142 vespasianis

263 2178 348 2224 auno
363 2159 509 2224 conditae
526 2174 765 2224 ncecxxvrrr.
780 2179 868 2242 pass.
880 2175 998 2222 xrrrrr.
1009 2160 1074 2225 oc.’
1110 2160 1177 2224 Sed
1186 2179 1265 2225 vero
1278 2158 1344 2222 lm-

263 2267 448 2342 peratorem
459 2281 532 2325 cum
552 2267 646 2344 patre
669 2262 896 2326 Domitianum
910 2281 1074 2344 nusquam
1089 2261 1217 2326 Plinius
1231 2258 1346 2343 appel·

265 2361 348 2427 lavit
363 2381 403 2426 eo
417 2363 495 2426 loco
509 2362 631 2437 demto,
647 2363 705 2446 qui
721 2363 755 2426 in
770 2361 955 2444 qnaestioue
976 2368 1029 2428 est
1043 2382 1087 2426 ox
1108 2362 1205 2445 initip
1220 2359 1346 2424 Praesa-

267 2461 366 2525 tionis
381 2462 416 2526 iu
430 2463 572 2544 quodam
589 2463 718 2540 codice,
732 2479 896 2550 nqsquam
907 2462 994 2526 alius
1006 2464 1194 2546 quisquam.
1238 2459 1347 2526 Acce-

266 2561 315 2625 dit
329 2583 417 2640 eum,
440 2564 495 2627 cui
511 2563 657 2628 dicatum
672 2581 694 2626 a
708 2563 818 2628 Plinio
834 2583 921 2648 opus
937 2567 999 2641 est,
1015 2565 1057 2630 ab
1073 2564 1191 2630 eodem
1205 2565 1240 2629 iu
1256 2565 1348 2628 Prae*

265 2662 387 2729 fatione
409 2663 681 2749 ‘triumphalem'
708 2663 922 2742 ‘censorem'
945 2666 1121 2749 ‘praetorio
1143 2665 1348 2748 praefectum,

266 2771 299 2830 et
329 2766 544 2849 ‘participem
567 2765 787 2828 Tribunitiae’
815 2767 993 2848 potestatIs
1019 2766 1192 2849 appellari,
1216 2765 1349 2849 qualem

267 2865 379 2930 Titum
403 2865 504 2930 inisse
528 2867 562 2930 in
582 2865 656 2949 ejus
675 2867 746 2930 vita
760 2868 1044 2949 locupletissimus
1060 2869 1156 2932 testis
1171 2867 1350 2932 Suetonius

269 2973 445 3050 estoque
461 2974 496 3030 st
517 2967 675 3050 ‘Imperii
689 2967 880 3050 particeps:
895 2975 930 3031 et
954 2968 1084 3033 ‘tutor'
1112 2967 1251 3052 dicitpr:
1276 2966 1350 3048 qui,

268 3085 332 3149 que
348 3066 391 3130 ad
406 3086 442 3130 se
456 3086 560 3150 prope
572 3067 718 3132 omnium
731 3067 910 3132 officiorum
921 3087 1033 3134 curam
1039 3067 1240 3152 recepisset.
1264 3066 1351 3133 eum

267 3173 361 3248 patre
374 3167 514 3231 eundem
528 3168 710 3249 imperasse
729 3167 928 3252 xiphilinus
947 3189 992 3234 ex
1012 3169 1125 3234 Dione
1145 3168 1351 3252 significavit

268 3265 322 3334 his
346 3268 485 3349 paucis:
508 3266 626 3334 ‘Titus
648 3287 692 3332 ex
707 3289 773 3352 quo
788 3274 935 3352 tempore
950 3271 1168 3352 principatum
1183 3270 1277 3336 solus
1294 3272 1353 3334 ob·

268 3366 386 3434 tinuit!
430 3369 473 3434 Iu
488 3369 583 3434 aereis
596 3369 738 3434 nummis
752 3371 885 3436 vivente
899 3379 995 3456 patre
1013 3372 1105 3436 cusis
1128 3370 1353 3454 ‘Imperator,'

270 3468 438 3548 ‘Censoe’
458 3470 652 3536 'tribunitiae
668 3475 845 3556 potestatis
864 3475 1033 3556 particeps
1055 3471 1187 3552 legitur,
1209 3490 1354 3554 quorum

271 3571 418 3654 exempli
442 3573 546 3652 gratia
565 3571 702 3636 referam
718 3575 767 3638 sic
780 3572 977 3642 habentem:
1000 3587 1033 3634 τ.
1050 3586 1137 3641 oms.
1154 3587 1231 3636 ιιιι.
1248 3587 1354 3638 vase.

272 3687 376 3738 cass.
392 3686 530 3734 avcvrr.
548 3687 694 3738 rorare·
710 3688 772 3736 err.
789 3689 870 3736 eor.
887 3687 965 3735 rue.
982 3687 1038 3734 ιιι.
1053 3687 1131 3734 cos.
1149 3689 1188 3736 ιι.
1226 3673 1280 3738 Ex
1296 3674 1357 3738 ad·

270 3790 368 3836 verso
387 3789 549 3852 nusquam
562 3771 653 3852 apud
669 3770 826 3850 Plinium,
841 3770 932 3855 apud
947 3770 1152 3850 Suetonium,
1167 3774 1258 3858 apud
1274 3775 1355 3840 Dio·

271 3891 358 3950 nem,
380 3871 470 3954 apud
490 3870 591 3946 alium
606 3890 791 3954 quenquam
812 3890 856 3936 ex
876 3871 1024 3953 antiquis
1038 3873 1261 3956 scriptoribus
1277 3895 1357 3942 cum

271 3979 364 4059 patre
385 3970 543 4036 Censura)
562 3977 620 4035 ant
638 3969 835 4038 Tribunitiae
859 3972 1037 4055 potestatis
1060 3974 1260 4059 participem
1284 3979 1358 4042 Do-

271 4074 447 4140 mitiacum
458 4070 614 4137 extrusae
629 4073 816 4151 inveniatis,
828 4081 886 4137 aut
900 4080 977 4138 aute
988 4072 1101 4148 Titum
1115 4074 1248 4142 tratrem
1261 4079 1297 4142 in
1313 4099 1358 4144 ae-

271 4173 338 4240 reis
363 4173 516 4249 nummis,
542 4173 596 4240 vel
616 4176 805 4242 marmoreis
832 4175 953 4240 tabulis
968 4181 1146 4260 compatre
1160 4179 1358 4268 imperasse,
