3006 4874
450 409 582 462 nnorro
608 413 784 467 n.enun1
808 419 989 472 ornantur.
1202 413 1269 478 tae
1352 431 1357 442 ·

173 550 209 609 ct
223 543 402 631 Cleopatra
416 550 670 637 dominantibus,
685 580 790 643 penes
806 563 963 632 Suidam:
981 585 1040 650 pre
1050 587 1128 651 quo,
1144 572 1174 635 et
1190 569 1268 656 quie

173 645 259 710 nolit
274 649 535 720 emendationem
550 667 695 724 nestram
714 662 893 743 admittere,
915 667 1003 732 hand
1030 671 1078 734 ita
1104 675 1267 748 aestuabo,

173 752 213 809 ut
228 749 291 815 sim
308 770 385 815 cum
400 772 441 816 co
458 755 697 824 diuturniorem
712 769 972 834 controuersiam
998 768 1184 851 habiturus,
1208 775 1269 840 eti·

170 866 228 912 am
245 851 275 914 ei
289 857 508 937 conspicuum
519 868 572 934 eet
586 863 641 926 vix
653 883 851 948 quenquam,
862 871 915 933 vcl
926 871 1074 955 ineptum
1089 874 1265 958 hominem,

166 945 270 1012 simili
284 951 320 1016 in
331 955 588 1023 contradictione
603 961 805 1046 deprehendi
825 987 941 1051 posse,
966 973 1067 1039 modo
1092 993 1180 1055 eum,
1202 981 1261 1062 qui

211 1251 379 1338 Reliquus
401 1259 470 1325 isa
489 1283 543 1328 me
557 1269 735 1349 scrupulus
757 1273 1020 1354 complanandae
1040 1283 1105 1355 eet,
1122 1299 1197 1346 cum
1211 1281 1262 1346 di·

163 1355 304 1420 cebatur
317 1357 551 1427 Dioscoridem
565 1373 642 1431 ante
650 1368 683 1432 N
685 1372 793 1434 eronie
803 1375 1024 1456 principatum
1037 1379 1142 1442 videri
1153 1380 1260 1464 scrip·
1325 1403 1331 1422 .

163 1455 249 1520 sisse
265 1476 309 1522 ax
323 1458 479 1527 Erotiano
494 1465 530 1528 in
545 1465 759 1534 Dictionario
768 1471 812 1534 ad
825 1469 1096 1539 Andromachum
1112 1475 1258 1544 Neronis

160 1556 330 1622 medicum
358 1560 594 1630 Dioscoridom
625 1568 824 1635 adducente.
881 1571 928 1636 Ut
957 1575 1054 1656 igitur
1084 1577 1256 1658 existimo,

159 1659 243 1739 quin
265 1659 364 1728 fuerit
376 1661 630 1734 Andromaches
647 1669 792 1736 Neronis
805 1673 968 1750 medicus,
981 1677 1046 1742 hoc
1058 1678 1136 1760 ipen
1150 1680 1254 1746 etiam

159 1759 345 1841 imperante
356 1761 399 1828 ad
413 1785 488 1829 eum
505 1767 699 1836 Erotianom
714 1771 903 1839 devocione
915 1775 1135 1860 Hippocratis
1145 1782 1253 1864 scrip-

160 1859 325 1926 sieecnon
338 1866 554 1932 convincitur.
597 1868 651 1948 An
667 1872 918 1956 Epaphroditue
941 1877 1057 1942 eodem
1080 1880 1149 1946 ictn
1171 1900 1249 1946 cum

160 1959 299 2026 Nerone
322 1963 593 2034 Andromachum
620 1973 766 2051 sustulit,
787 1993 847 2039 nec
870 1976 913 2039 ad
934 1996 1008 2040 eum
1033 1981 1251 2062 superstitem

158 2069 237 2142 poet
251 2065 459 2148 interemtum
473 2071 654 2154 prinoipem
670 2073 849 2138 Erotianue
858 2076 1123 2161 scriberepotuit
1134 2081 1251 2163 primis

154 2161 295 2248 Trajani
304 2167 436 2250 imperii
447 2171 552 2250 annis,
566 2192 670 2256 prope
680 2175 814 2256 triginta
827 2177 870 2241 ab
883 2177 975 2241 obitu
987 2178 1130 2244 Neronis
1138 2181 1157 2242 t
1181 2181 1250 2246 Po»

156 2263 231 2341 tuit,
254 2267 290 2332 ni
309 2267 418 2346 fallor,
439 2289 501 2336 nec
526 2279 578 2338 eet
603 2274 688 2340 adeo
712 2276 907 2355 absurdum,
922 2278 1044 2360 siquis
1059 2288 1247 2347 nostrornm

153 2370 342 2449 temporum
367 2371 631 2440 observationem
657 2377 821 2455 attendat,
845 2376 1113 2444 Andromachum
1139 2399 1245 2448 annos

149 2466 383 2551 qnadraginta,
407 2479 466 2538 aut
487 2476 588 2542 atium
613 2479 863 2562 quinquaginta,
886 2498 964 2543 curn
981 2479 1072 2544 Nero
1088 2482 1244 2548 sublatus

147 2573 216 2644 eet,
232 2577 386 2650 agentem
401 2573 444 2638 ad
463 2575 600 2658 Traiani
625 2599 732 2662 usque
752 2579 975 2662 principatum
999 2582 1242 2663 supervixisse.

149 2663 241 2744 Quis
256 2676 309 2734 eet
322 2673 409 2736 enirn
422 2681 579 2754 nestrum,
592 2678 722 2756 Patres,
731 2680 790 2763 qui
803 2684 916 2744 natum
932 2698 1036 2744 nonne
1051 2682 1242 2763 octuaginta

85 2789 90 2804 ·
144 2767 298 2850 aliquem
315 2781 454 2842 autnon
469 2787 824 2864 agnoscat,autqucm
845 2781 1020 2861 agnoverit
1038 2801 1241 2846 commemo·

145 2875 274 2936 nantem
289 2892 354 2938 ooo
368 2863 562 2944 audiveritl
605 2881 677 2962 Ego
689 2881 931 2963 nonagenarios
945 2881 1121 2945 nonnullos
1137 2900 1239 2962 agno-

148 2971 193 3046 vi,
218 2981 366 3040 nestrum
385 2997 523 3063 quoque
544 2978 734 3066 quempiam
749 2984 926 3066 agnovisse
942 2990 1037 3066 puto,
1052 2999 1114 3045 nec
1136 2980 1237 3049 modo

142 3074 258 3146 fitutia
274 3080 388 3156 tantae,
403 3099 514 3147 verum
529 3085 629 3149 etiam
649 3085 733 3150 inrte
752 3084 926 3166 longioris.
971 3082 1065 3162 Quid
1080 3081 1158 3147 dice
1174 3103 1236 3148 noe

145 3177 197 3242 tot
212 3193 315 3242 annos
329 3187 430 3246 uates
443 3185 646 3265 agnovisset
692 3186 756 3252 Illo
774 3187 852 3268 ipso
872 3184 997 3250 saeculo
1024 3183 1153 3248 Plinius
1173 3183 1196 3248 J
1199 3201 1237 3248 u·

143 3275 219 3340 nior
240 3283 474 3362 octuagenario
497 3284 634 3370 majoris
649 3292 752 3370 atque
768 3286 901 3367 integris
917 3285 1042 3350 viribus
1056 3283 1167 3348 adhuc
1181 3284 1235 3350 fir·

142 3377 189 3442 mi
212 3375 352 3462 Virginii
376 3383 455 3448 aun
478 3387 647 3452 meminit:
669 3389 771 3452 imme
785 3406 866 3452 vero
881 3385 942 3449 illa
956 3386 1031 3467 ipsa
1046 3393 1147 3449 aetate
1162 3383 1235 3450 An-

142 3478 226 3544 tonii
241 3479 390 3547 Castoris
403 3502 509 3550 annue
524 3493 656 3552 centnm
672 3488 802 3569 agentis
816 3486 945 3551 Plinius
961 3484 1087 3550 Senior.
1118 3485 1232 3571 Scrip-

140 3580 224 3646 serit
246 3580 347 3662 igitur
370 3583 413 3648 ad
428 3583 698 3654 Andromachum
713 3587 809 3676 ualde
820 3586 893 3669 jem
909 3603 1025 3651 senem
1040 3585 1230 3672 Paulianae,

138 3679 312 3762 scripserit
334 3682 377 3750 ad
397 3683 597 3756 archiatrum
611 3696 647 3754 et
661 3688 829 3756 medicum
845 3684 879 3752 N
881 3687 1003 3762 ercule,
1017 3703 1082 3750 non
1093 3687 1230 3769 scripsit

137 3779 452 3864 coimperante,non
463 3789 577 3870 paullo
592 3797 681 3873 pest,
696 3791 756 3856 sed
769 3787 901 3869 triginta
911 3788 953 3852 ab
970 3787 1106 3852 interitu
1121 3787 1229 3854 Nero·

137 3878 191 3946 nis
205 3882 301 3947 aunis
315 3883 488 3967 imperium
502 3887 650 3972 Trajano
664 3891 885 3973 gubernante:
907 3895 941 3951 et
964 3889 994 3952 ei
1015 3888 1070 3964 iis,
1085 3887 1144 3969 qni
1164 3887 1226 3952 Di·

137 3981 284 4046 oscoridi
295 3985 391 4050 nimie
406 3985 530 4052 addicti
544 3996 631 4068 sunt,
644 3993 697 4058 vel
712 3991 824 4056 Plinio
839 3996 952 4054 nostro
968 3987 1097 4064 intensi,
1108 3988 1224 4054 dumne

134 4079 200 4148 hoc
214 4082 301 4150 sorte
316 4086 478 4164 videatur,
488 4089 625 4175 Trajani
640 4094 864 4176 principatum
873 4088 1144 4155 Andromachum
1155 4087 1224 4156 Ne·

133 4182 225 4250 rania
239 4183 406 4274 medicum
423 4188 561 4271 vidisse,
575 4193 636 4262 hoc
652 4195 746 4262 nullo
761 4193 889 4260 ratione
903 4188 1042 4256 inficiari
1057 4193 1222 4272 potarunt,
