3006 4874
231 387 294 467 126
564 406 615 456 ne
638 404 670 451 c.
694 401 812 452 neren
839 397 979 448 serata

316 550 455 618 Ponitur
468 557 501 614 et
513 552 611 616 laetis
627 557 742 633 gustus
757 571 832 634 quee
850 551 986 614 condiat
999 547 1101 612 herba
1218 557 1221 566 '

322 653 499 736 Dejectura
515 653 643 734 quidem
658 653 755 718 sronti
771 652 848 717 date
862 653 957 730 signe
970 650 1133 722 sueorum,

317 754 463 836 Vimque
477 773 571 818 suem
582 754 710 818 idcirco
726 753 896 835 profitetur
910 752 1042 815 nomine
1055 751 1169 816 Graio.

276 856 378 918 Libro
403 874 482 919 vero
503 871 559 918 xt.
579 873 653 938 cep-
676 854 802 930 nltimo,
830 849 1048 934 ‘lepidium'
1073 851 1194 933 inquit,
1221 853 1319 914 ‘eum

230 963 312 1027 ante
326 954 406 1020 Kal.
422 953 456 1018 M
461 956 561 1020 ertias
575 954 730 1019 habueris
746 954 960 1038 dispositum,
971 953 1064 1018 velut
1074 971 1206 1034 porrum
1219 951 1318 1014 secti-

233 1076 311 1120 aum
325 1056 491 1120 demetere
506 1056 642 1138 poteris,
653 1057 759 1119 rarius
774 1063 884 1120 temen
900 1062 981 1136 post
998 1052 1079 1116 Kal.
1096 1051 1129 1117 N
1131 1053 1320 1116 memb-se·

233 1156 375 1222 eandum
402 1175 467 1220 non
492 1157 563 1233 erit,
585 1156 743 1238 quonium
763 1154 943 1236 frigoribus
963 1154 1122 1217 violatum
1143 1147 1320 1218 emoritur!

233 1255 277 1326 Et
292 1255 350 1320 lib.
366 1273 437 1319 xrt.
452 1275 527 1338 cep-
540 1255 573 1320 8.
588 1258 688 1322 sativi
702 1256 800 1320 simul
816 1263 852 1320 et
873 1255 1044 1336 sylvestris
1060 1253 1192 1336 Lepidii
1207 1251 1321 1315 memi-

235 1358 297 1422 nit:
321 1377 396 1421 cum
413 1357 519 1422 Iberis
533 1360 658 1440 passim
675 1377 807 1440 semper
822 1358 930 1420 virens
944 1360 1102 1420 nascatur
1114 1352 1199 1417 locis
1212 1351 1321 1419 incul-

234 1458 290 1536 tis,
313 1459 485 1541 preecipne
510 1477 587 1522 vero
609 1459 712 1524 muris
738 1457 988 1532 vetustioribus,
1020 1474 1060 1518 ec
1085 1455 1318 1522 monumentis.

235 1558 358 1640 quibus
373 1563 515 1640 utraque
529 1560 643 1641 plenta
658 1561 707 1624 ite
717 1558 889 1636 dirimitur,
902 1563 939 1622 ut
952 1575 1017 1620 non
1033 1555 1162 1621 videam
1177 1555 1319 1638 quicum

235 1658 376 1741 lepidio
393 1657 602 1723 Dioscuridis
621 1659 727 1724 Iberis
747 1659 957 1724 Democratis
978 1654 1093 1720 eadem
1113 1655 1180 1720 diei
1200 1655 1319 1738 possit·

235 1757 285 1820 At
298 1776 365 1822 non
380 1777 443 1822 suo
458 1757 535 1823 loeo
550 1759 584 1822 in
600 1758 799 1823 Dioscoride
814 1758 928 1842 posite
941 1758 1020 1820 esti
1064 1757 1119 1821 An
1135 1757 1246 1838 igitur,
1260 1757 1319 1839 qui

234 1860 278 1924 de
295 1858 438 1922 Materia
458 1857 594 1923 Medica
615 1858 658 1923 ad
684 1877 744 1923 nos
767 1860 829 1924 sub
856 1859 988 1922 nomine
1012 1856 1223 1921 Dioscoridis
1244 1856 1321 1920 libri

235 1966 466 2042 pervenerunt,
490 1978 645 2042 quosque
666 1977 780 2023 omnes
805 1958 996 2023 Dioscoridi
1018 1964 1178 2039 acceptos
1200 1957 1320 2025 medici

236 2060 424 2136 retulerant,
438 2077 502 2123 non
525 2067 603 2124 sunt
625 2060 689 2137 sui,
704 2061 786 2143 quia
808 2059 927 2123 iisdem
953 2059 1037 2122 lieet
1057 2059 1183 2136 verbis,
1203 2059 1320 2124 ordine

237 2167 349 2222 tamen
367 2158 513 2238 diverso,
535 2159 719 2241 plantamm
736 2159 883 2222 omnium
906 2159 1056 2224 historiae
1077 2177 1098 2222 e
1119 2158 1321 2226 Dioscoride

235 2259 437 2342 ,conseriptoe
453 2259 487 2322 in
503 2258 660 2324 Dribesio
678 2276 730 2322 xr·
750 2266 786 2323 et
801 2275 873 2322 xrt.
891 2260 976 2322 libro
988 2258 1129 2324 Collect.
1145 2259 1321 2340 leguntur?

237 2357 291 2420 Au
306 2357 411 2424 ielsue
429 2356 614 2436 Oribesius,
631 2361 689 2441 qui
707 2377 749 2422 ee
764 2359 876 2426 omnia
899 2359 1108 2424 Dioscuridis
1124 2379 1200 2426 esse
1219 2367 1322 2424 teste-

237 2459 314 2522 turl
358 2456 413 2520 An
438 2457 546 2523 falsus
571 2459 721 2542 Serapio,
747 2462 805 2542 qui
830 2460 967 2525 easdem
991 2460 1153 2526 historias
1179 2461 1322 2528 reserens

239 2557 451 2623 Dioscoridis
468 2578 540 2646 esse
554 2559 710 2642 prodidit,
726 2579 802 2642 ques
816 2579 882 2624 non
898 2560 978 2637 sint,
999 2561 1079 2643 quia
1093 2561 1126 2624 in
1147 2560 1197 2625 his
1211 2581 1322 2627 recen·

239 2657 353 2722 sondis
366 2659 464 2737 elius,
479 2677 578 2742 quem
592 2679 613 2724 a
625 2659 840 2738 Dioscoride,
850 2661 933 2726 ordo
948 2663 1121 2726 servetur'l
1144 2661 1216 2744 Ego
1230 2665 1324 2746 plan·

238 2763 348 2823 terum
363 2757 602 2840 descriptiones
616 2759 651 2822 in
665 2759 708 2824 iis
725 2761 918 2826 auctoribus
934 2761 1143 2828 Dioscuridis
1156 2783 1233 2828 esse
1247 2783 1324 2833 enm
1355 2779 1359 2787 '

238 2858 361 2922 ceteris
375 2858 514 2923 medicis
532 2859 649 2938 sentio,
669 2866 702 2925 et
721 2879 866 2944 agnosco
885 2883 906 2928 a
925 2863 1122 2928 Dioscoride
1140 2864 1325 2947 prolectes3

240 2956 385 3021 ordinem
414 2959 448 3022 in
471 2957 624 3024 Oribeeio
649 2980 746 3025 sunm
772 2982 859 3039 esse,
886 2982 950 3028 non
973 2963 1170 3042 Discoridis,
1196 2985 1324 3040 assero,

241 3076 339 3122 suem
368 3059 471 3122 etiam
490 3060 523 3124 in
550 3059 745 3144 Serapione.
790 3063 913 3147 Itaque
933 3064 979 3130 sit
1003 3063 1144 3130 lberidis
1166 3066 1202 3131 in
1222 3067 1325 3132 Dios·

241 3155 356 3220 coride
382 3157 482 3222 loeus
513 3165 671 3238 motetus,
697 3161 733 3226 id
766 3163 913 3227 ordinem
942 3164 976 3228 in
1006 3165 1079 3247 ejus
1109 3166 1326 3234 collocatione

242 3262 411 3322 servatum
432 3277 499 3322 non
520 3277 598 3332 esse,
618 3260 794 3343 significet,
816 3283 914 3347 quern
935 3265 985 3329 illi
1005 3265 1225 3332 Dioscorides
1247 3287 1326 3332 eon·

243 3356 408 3433 stituerat,
437 3376 503 3426 non
529 3359 700 3428 historiam
731 3383 753 3430 e
784 3364 985 3430 Dioscoride
1015 3368 1228 3450 praeteritam,
1256 3387 1324 3434 non

242 3458 505 3539 expungendam,
520 3461 577 3524 sed
596 3463 771 3545 pristinum
794 3484 889 3529 soum
911 3465 946 3530 in
966 3466 1077 3531 locum
1099 3487 1174 3533 esse
1194 3471 1326 3536 restitu-

243 3556 376 3622 endam.
432 3558 592 3642 Ejusdem
626 3567 755 3645 generis
787 3566 925 3632 alterum
954 3566 1126 3633 Matthioli
1154 3589 1326 3652 argumen-

244 3663 312 3722 tum
337 3663 402 3734 est,
418 3658 551 3724 scilieet
565 3661 675 3728 debile
690 3665 801 3743 valde,
822 3672 857 3730 et
878 3667 1055 3748 infirmum,
1075 3669 1263 3754 lepidium,
1284 3691 1324 3738 ac

245 3756 411 3822 lberidem
432 3777 530 3826 unam
553 3761 703 3844 plantem
726 3765 870 3830 Paulum
896 3767 1088 3849 AEginetem
1112 3776 1144 3835 et
1166 3772 1253 3836 alios
1278 3773 1324 3838 ie-

244 3859 348 3934 cisse,
364 3856 530 3924 lberidem
552 3861 621 3928 elio
642 3865 774 3930 nomine
796 3865 972 3950 lepidium
996 3867 1065 3934 dici
1083 3879 1278 3951 asserentes,
1293 3879 1326 3938 et

246 3956 423 4040 Lepidium
442 3960 618 4042 lberidem,
640 3964 763 4031 multes
783 3969 872 4032 enim
896 3970 962 4035 hoc
985 3971 1117 4036 nomiae
1139 3972 1326 4056 plantarum

246 4055 405 4124 historias
431 4060 465 4146 in
494 4063 694 4130 Dioscoride
727 4066 893 4134 abundare
918 4068 1015 4134 fateri
1045 4089 1155 4152 operae
1185 4075 1327 4157 pretinm

251 4165 356 4236 esset,
380 4159 531 4243 inprimis
553 4163 757 4250 Gingidium,
781 4167 871 4252 quod
898 4169 965 4238 elio
990 4172 1122 4240 nomine
1148 4171 1326 4260 Lepidiuttt
