3006 4874
443 328 578 378 usorro
600 328 639 374 rr.
663 328 777 378 rrum
801 329 984 378 creantur.
1191 315 1258 382 1ua

170 470 302 536 Facult.
319 468 545 538 subscribente
559 471 592 534 in
603 470 801 554 pretatione
815 471 1034 538 Dioscorides
1045 471 1196 552 dumnet3
1220 473 1255 536 in

168 571 393 636 describendis
408 578 518 637 tamen
534 569 686 637 Galenus
701 572 958 637 commendavit.
992 572 1130 655 Nigrum
1144 575 1255 656 priva·

167 675 226 737 tim
246 671 394 738 Galenus
415 672 490 738 loco
511 673 661 755 proxime
684 673 786 738 citato
807 673 947 738 medicae
970 673 1129 738 studiosis
1147 675 1254 758 legen-

167 775 247 840 dum
273 776 441 858 proponit,
467 776 581 840 demta
603 794 778 840 causarum
803 775 1040 858 disputatione,
1064 795 1164 858 quam
1187 795 1254 840 non

166 877 307 958 probate
326 875 466 942 eundern
483 879 515 942 in
531 877 696 942 nonnullis
712 877 931 942 Dioscorides
951 877 1169 961 reprehendit,
1185 877 1254 942 An-

166 978 279 1042 dream
297 977 422 1050 laudat,
437 978 532 1062 cujus
549 979 728 1042 lectionem
751 976 900 1042 Galenus
915 978 1033 1044 eodem
1055 979 1090 1042 in
1110 979 1185 1043 loco
1205 981 1255 1066 fu-

165 1077 318 1160 piendam
328 1081 470 1156 censuit,
482 1079 651 1162 inquiens,
664 1085 674 1113 ‘
685 1079 809 1143 Verum
821 1079 1053 1144 abstinendum
1065 1087 1117 1143 est
1128 1081 1173 1144 ab
1181 1078 1253 1144 An·

166 1180 253 1256 drea,
280 1180 420 1262 aliisque
447 1180 597 1244 similiter
623 1179 857 1244 mendacibus?
900 1178 1051 1244 Ceterum
1076 1179 1197 1246 luerint
1220 1183 1254 1247 hi

166 1301 285 1350 omnes
298 1282 442 1360 obscuri,
457 1281 579 1364 ignavi,
591 1289 623 1345 et
637 1283 671 1346 in
683 1282 812 1346 medica
828 1283 964 1346 materia
979 1281 1149 1364 tractanda
1161 1301 1253 1365 pror·

165 1403 224 1448 sus
240 1383 400 1460 inchoati,
416 1383 630 1464 exscripserit
649 1381 1040 1464 PliniusDioscoridem,
1061 1402 1101 1447 ac
1123 1401 1251 1448 ornnem

165 1484 237 1568 ejus
252 1504 394 1550 messem
411 1487 444 1549 in
459 1504 551 1549 snam
568 1483 855 1566 transportaverit:
879 1503 937 1548 cur
951 1483 1052 1564 igitur
1066 1483 1251 1567 descriptas

165 1605 187 1650 a
205 1585 405 1652 Dioscuridu
422 1585 628 1657 Petasidem,
651 1603 692 1648 ac
708 1584 929 1650 catanancem
951 1585 1129 1666 praeteriit3
1152 1583 1251 1668 Alys-

165 1707 240 1752 sum
255 1687 397 1752 diversis
413 1689 456 1752 ah
471 1688 527 1752 illo
543 1689 628 1752 notis
647 1688 908 1772 repraesentavit,
922 1685 1025 1750 Aetio
1040 1686 1251 1750 consentien-

164 1790 221 1854 tel
265 1788 447 1872 Euphorhii
463 1791 585 1872 plantae
601 1790 681 1853 t'oliu
696 1789 874 1853 aclrantiua
886 1789 1001 1852 tribuit
1015 1806 1036 1850 a
1050 1787 1249 1851 Dioscuridu

163 1891 374 1972 praeteritus
394 1889 523 1955 Gelono
545 1890 628 1966 sorte
651 1889 800 1954 admissa
825 1905 881 1953 ιΧ.
908 1889 949 1952 de
974 1887 1070 1954 Corri-
1098 1887 1190 1952 Med.
1215 1910 1259 1976 pe

162 1989 229 2056 loc.
254 2007 306 2054 ιν.
333 1991 516 2075 Euphorbii
541 1992 689 2077 plantam
713 2012 786 2055 csse
810 1991 982 2075 spinosam
1000 1990 1098 2066 dixit,
1118 1990 1249 2054 Britan·

161 2090 248 2156 nicae
274 2092 412 2174 liguram
434 2093 589 2170 reserens,
616 2093 734 2168 caulis,
761 2112 857 2175 quern
883 2092 971 2156 haud
997 2111 1150 2173 magnum
1174 2111 1248 2156 esse
1368 2161 1372 2168 ,

162 2192 382 2258 Dioscorides
414 2193 514 2272 dixit,
547 2194 679 2257 silentio
716 2192 866 2268 involvit,
901 2192 1178 2274 quemadmodum
1214 2197 1248 2255 et

160 2295 284 2358 radicis
303 2295 558 2376 magnitudinem
584 2296 695 2360 colore
715 2295 838 2375 nigram
860 2313 935 2356 esse
957 2293 1100 2375 scripsit,
1123 2292 1165 2356 de
1180 2311 1246 2376 quo

161 2394 245 2460 nihil
275 2394 506 2474 Dioscorides,
535 2397 591 2480 qui
621 2395 710 2460 floris
735 2413 868 2478 qnoque
897 2393 1097 2457 mentionem
1123 2393 1247 2468 omisit,

161 2515 262 2580 quam
277 2495 410 2562 Plinius
425 2496 548 2578 attigit.
594 2497 695 2560 Plura
713 2494 876 2576 ejusmodi
895 2494 1050 2577 exemplu
1070 2502 1245 2577 praetereo,

161 2616 237 2680 quae
252 2597 422 2679 utriusque
436 2597 559 2662 collata
573 2597 715 2684 lectione
726 2597 791 2659 sibi
804 2597 945 2678 quisque
956 2595 1110 2678 colligere
1122 2603 1246 2678 potest,

161 2699 243 2764 satis
264 2705 339 2764 esse
360 2717 419 2782 pro
440 2698 492 2762 his
514 2698 668 2762 omnibus
691 2697 867 2762 arbitratus
888 2697 1031 2762 Plinium
1046 2695 1160 2761 Bechii
1178 2695 1256 2760 duo

160 2799 279 2864 iecisse
291 2817 418 2880 genera
432 2817 543 2875 unum,
560 2797 652 2882 qnod
668 2797 799 2860 nomine
821 2799 957 2881 proprio
980 2797 1202 2878 ‘Tussilago'
1225 2816 1246 2860 a

161 2899 292 2965 Latinis
315 2898 485 2978 diceretur,
508 2900 599 2964 soliis
620 2899 764 2979 hederae,
785 2899 871 2964 libro
886 2899 1045 2982 vigesimo
1060 2906 1155 2962 sexto
1170 2916 1246 2982 cap.

159 3002 190 3066 6.
214 2999 391 3066 Naturalis
410 2999 502 3068 Hist.
523 3003 674 3077 alterum,
701 3003 789 3085 quod
810 3001 923 3066 Graeci
945 2999 1247 3066 ‘Chamaeleucem’

160 3103 396 3188 appellassent,
422 3105 532 3169 Latini
556 3103 780 3179 ‘Farranam,¹
806 3104 879 3169 sive
900 3100 1145 3184 ‘Farlugium,'-
1162 3102 1243 3168 solio

159 3211 284 3298 populi,
299 3235 355 3278 sm
363 3209 536 3292 ampliore,
558 3206 616 3270 lib.
633 3223 743 3270 xxrv.
767 3225 840 3289 cap.
855 3205 909 3269 le.
925 3204 1021 3288 cujus
1035 3204 1182 3287 opinioni
1196 3206 1255 3268 vie

160 3317 275 3382 deutur
297 3313 535 3397 subscripsisse
550 3307 627 3373 Gal.
643 3307 828 3388 Oribasius,
850 3312 883 3370 et
904 3305 1044 3382 Paulus,
1063 3305 1181 3369 Bechii
1210 3312 1246 3370 et

159 3417 405 3485 Chamaeleuois
434 3413 564 3476 duobus
587 3410 755 3486 distinctis
782 3409 867 3472 lucis
897 3408 1094 3470 mentionem
1120 3406 1244 3471 facien-

158 3527 221 3599 tes,
246 3518 303 3586 dle
325 3533 372 3580 vr.
395 3515 512 3597 Simpl.
536 3513 628 3576 Med.
646 3511 772 3576 Facult.
793 3509 827 3572 in
849 3509 946 3572 litere
968 3505 1008 3572 Β.
1024 3514 1058 3572 et
1074 3524 1137 3571 vrr.
1152 3508 1186 3571 in
1203 3508 1244 3572 li·

159 3630 230 3689 tera
243 3621 297 3685 ch.
311 3619 395 3684 alter
408 3618 492 3683 libro
508 3613 646 3679 Collect.
663 3632 738 3696 cap.
754 3612 808 3676 15.
832 3612 949 3674 tertius
967 3609 1054 3686 libro
1070 3625 1135 3673 νυ.
1156 3609 1245 3674 'l'us-

158 3723 288 3806 eilagini
308 3739 432 3794 semen,
452 3719 578 3794 dorem,
599 3724 634 3780 et
655 3714 783 3779 caulem
805 3713 940 3789 ademit,
955 3712 997 3775 de
1013 3730 1080 3794 quo
1095 3711 1243 3775 medicos

158 3825 359 3890 vetustiores
376 3817 608 3885 Dioscoridem
630 3815 847 3897 reprehendit,
861 3815 895 3878 in
910 3813 1047 3894 reliquis
1060 3813 1151 3874 notis
1166 3831 1241 3874 cum

158 3927 272 3992 Plinio
283 3925 449 3990 sentiens:
472 3937 568 4004 quem
584 3919 612 3981 si
624 3917 700 4000 quis
712 3917 797 3982 forte
811 3916 906 3992 adeo,
918 3932 985 3977 non
1000 3913 1108 3976 dicam
1121 3913 1243 3993 impru-

158 4029 301 4104 dentem,
323 4024 382 4090 sed
407 4025 640 4104 ignoramus
656 4019 754 4101 plane
769 4015 940 4100 stupidum
954 4013 1058 4076 inisse
1072 4011 1241 4082 existima-

158 4132 251 4207 verit,
266 4125 395 4212 ntiurti
406 4120 594 4188 occultandi
611 4139 714 4184 causa
728 4119 764 4181 in
778 4119 842 4182 hoc
854 4133 961 4180 errore
973 4112 1171 4197 deprehendi
1184 4133 1242 4179 ro-
