3016 4876
619 397 810 448 notarunt.
1238 389 1262 455 {t

166 537 336 605 Palatium
354 542 428 626 ipse
442 541 623 622 dednxisti,
641 563 728 628 quoa
744 542 946 627 triumphare
960 543 994 608 in
1006 543 1152 629 purpura
1166 542 1261 611 volu

165 643 233 720 isti,
255 650 435 726 postquarn
458 644 492 707 in
514 646 649 728 pulvere
671 642 730 710 din
755 643 948 728 jacuerant:
985 646 1021 710 in
1047 647 1168 731 quibus
1189 667 1261 714 ver-

166 744 285 810 sandis
299 745 441 829 diligens
456 745 608 830 inprimis
623 747 843 830 manansque
858 747 953 812 visus
968 765 1025 812 as:
1049 756 1088 813 nt
1099 748 1261 834 deinceps

163 844 336 910 sorderent
346 848 480 930 privato
499 849 634 927 nemini,
657 849 715 932 qui
739 847 888 930 Principi
910 848 1125 934 placuissent.
1170 851 1260 917 Haec

79 935 87 946 '
163 946 324 1010 videlicet
355 948 557 1013 immortalia
586 948 751 1014 beneficia
782 957 879 1014 sunt:
915 969 979 1014 non
1009 951 1067 1015 nni
1097 969 1260 1017 concessa

162 1047 300 1126 Galliae,
322 1048 383 1113 scd
406 1050 478 1113 orbi
499 1057 656 1116 terrarum
678 1051 853 1116 universae
880 1069 940 1116 nec
962 1051 1006 1116 ad
1026 1054 1156 1120 brevem
1179 1059 1260 1117 tem·

162 1149 257 1231 poris
269 1167 409 1227 moram,
419 1150 479 1214 sed
494 1150 537 1216 ad
552 1151 788 1234 perennitatem
798 1153 864 1217 aevi
880 1153 1072 1237 sempiterni
1083 1173 1258 1220 mansura:

161 1269 240 1334 quae
262 1249 358 1314 nullo
388 1269 455 1316 non
478 1251 534 1316 die
561 1257 726 1318 auctorem
758 1271 857 1316 suum
888 1254 1037 1336 ingerent
1059 1264 1093 1320 et
1115 1256 1257 1320 inculca·
1333 1333 1337 1340 ι

161 1352 265 1416 bunt:
287 1353 321 1416 in
344 1354 455 1418 animo
475 1371 616 1438 semper,
639 1355 721 1439 quia
741 1373 875 1437 semper
888 1356 923 1420 in
946 1373 1010 1420 usn
1025 1355 1150 1422 tuturo·
1193 1354 1258 1421 At-

161 1454 220 1536 qni
243 1454 326 1518 nibil
347 1455 380 1518 in
406 1455 449 1518 iis
470 1454 707 1533 voluminibus,
730 1474 806 1539 qnae
839 1457 900 1520 tibi
920 1455 1035 1521 dicata
1066 1461 1141 1522 ante
1167 1458 1259 1521 bnnc

160 1554 260 1632 diem,
283 1574 436 1638 sparsum
469 1557 615 1621 occurrit
644 1557 901 1640 propemodum,
933 1558 1022 1640 qnod
1045 1577 1111 1623 non
1135 1559 1168 1622 in
1190 1559 1258 1623 isto

160 1655 341 1738 praedivite
355 1677 460 1724 rernnr
476 1660 620 1724 omnium
635 1679 732 1744 penu,
754 1677 853 1742 quem
869 1660 903 1723 in
917 1661 1074 1742 presenti
1095 1661 1256 1738 sistimus,

160 1759 267 1823 multo
290 1759 335 1823 sit
356 1759 491 1824 uberius
513 1761 789 1846 splendidiusque
815 1761 1006 1826 collectum.
1049 1761 1130 1826 Sive
1146 1759 1257 1826 Indoi

160 1861 327 1924 sermonis
349 1860 558 1943 elegantiam,
581 1864 653 1926 sive
675 1863 916 1927 sententiarum
942 1861 1163 1945 majestatem,
1185 1863 1258 1926 sire

159 1961 239 2043 styli
254 1980 402 2038 acumen,
417 1981 476 2028 seu
491 1981 601 2028 rerum
620 1963 765 2046 denique
779 1963 911 2026 uberem
925 1963 1057 2045 copiam
1074 1962 1257 2042 desideres,

160 2079 248 2124 unns
270 2062 416 2126 omniurn
431 2064 536 2128 vicem
559 2069 720 2147 praestare
741 2062 872 2127 Plinius
888 2063 963 2148 jure
978 2062 1096 2145 possit.
1141 2061 1257 2141 Quare

160 2162 239 2245 quin
255 2162 317 2226 tibi
332 2162 467 2246 placeat
480 2165 698 2238 vehementer,
722 2169 782 2229 aut
803 2163 883 2244 quin
905 2163 1018 2226 abste
1039 2163 1180 2244 gratiam
1195 2163 1258 2228 irn-

158 2269 278 2345 petret,
294 2281 396 2348 qnam
410 2264 549 2348 reliquis
570 2264 659 2332 haud
677 2263 890 2329 conterendis
904 2279 979 2326 cnm
994 2281 1035 2327 eo
1056 2263 1257 2347 prestitisti,
1381 2309 1387 2320 ·

159 2364 294 2427 ornnino
315 2383 380 2428 non
403 2364 595 2429 diffidimus.
640 2363 716 2429 Nos
736 2380 815 2427 vero
832 2368 918 2427 certe
940 2362 1085 2428 delectet
1107 2365 1256 2446 inprimis

159 2483 299 2529 necesse
320 2474 373 2531 ast
394 2474 619 2548 argumentum
640 2463 817 2548 multiplex
832 2465 866 2528 in
888 2481 956 2546 quo
970 2469 1140 2528 versatur:
1163 2465 1256 2546 quod

159 2572 288 2631 tuarum
311 2573 585 2650 paternarumque
607 2565 763 2629 uirtutum
794 2563 1025 2628 suavissimam
1051 2564 1149 2629 nobis
1178 2566 1256 2629 snb-

158 2665 236 2730 inde
250 2687 291 2730 uc
302 2666 581 2749 jucundissimam
593 2663 854 2730 recordationem
867 2662 1006 2746 injiciat.
1038 2662 1128 2742 Quid
1143 2667 1255 2730 enim't

159 2765 359 2849 Sempiterni
375 2785 436 2829 nos
452 2766 622 2830 stellarum
634 2783 762 2843 cursus,
774 2763 986 2846 occulteque
1001 2763 1144 2827 siderum
1157 2765 1256 2843 vires,

158 2865 267 2948 primo
283 2867 394 2947 operis
408 2866 547 2950 hujusce
561 2865 675 2928 limine
693 2861 737 2926 ad
761 2863 815 2926 sni
834 2861 1085 2928 admirationem
1101 2866 1254 2930 trabunti

159 2963 280 3029 Aniert
314 2965 406 3030 illico
442 2965 642 3048 retrahitque
677 2964 825 3028 animum
857 2963 937 3028 ielix
961 2963 1094 3047 imperii
1123 2966 1256 3047 paterni

158 3083 286 3142 cursus,
316 3084 357 3128 ac
380 3065 471 3130 Solis
492 3063 677 3130 efficientiae
703 3071 814 3128 vestra
834 3063 1015 3128 consimilis
1041 3063 1074 3126 in
1101 3064 1255 3132 subditos

158 3165 363 3247 benignitas:
386 3165 582 3248 digrediqne
605 3164 715 3229 subito
730 3165 821 3246 cogit
842 3183 862 3228 a
883 3163 974 3228 coelo
996 3164 1087 3228 baud
1111 3163 1255 3247 disparis

157 3268 191 3329 in
213 3267 311 3329 terris
333 3265 484 3329 miraculi
506 3264 759 3347 contemplatio.
802 3263 917 3328 'Pente
939 3264 1058 3328 deinde
1077 3265 1162 3348 ipsae
1184 3266 1254 3330 lns-

158 3374 303 3431 tuantur:
335 3384 376 3430 ae
403 3366 562 3447 gentium,
584 3365 793 3449 populorum,
825 3365 969 3443 urbium,
991 3365 1096 3430 veluti
1117 3383 1254 3430 nornen·

159 3466 290 3531 elatura
312 3465 465 3548 quaedam
488 3483 676 3549 censusque
690 3465 884 3550 peragiturl
930 3463 1096 3530 Occursat
1110 3465 1253 3532 subinde

159 3566 336 3631 verissima
359 3566 432 3630 brec
452 3568 623 3649 cogitatio,
646 3571 821 3648 utrumque
844 3571 894 3630 tot
908 3564 1059 3649 populis,
1080 3565 1153 3631 orbi
1174 3567 1251 3634 buic

159 3675 334 3750 utrumqne
355 3667 496 3749 regendo
513 3686 641 3751 parem,
662 3687 707 3732 ex
728 3686 794 3751 quo
817 3667 882 3730 sub
903 3666 1019 3748 grandi
1041 3673 1252 3748 paternarum

159 3769 316 3831 virtutum
337 3768 530 3849 magisterio
553 3767 741 3850 Delphinus
772 3765 930 3831 adolevit.
974 3764 1136 3830 Medendi
1159 3767 1252 3831 deni-

159 3887 223 3950 que
248 3867 333 3931 vires
358 3875 602 3950 percensentur,
632 3886 716 3950 quas
740 3867 865 3944 herbis,
892 3866 1049 3949 frugibus,
1080 3866 1252 3950 sylvisque

159 3968 255 4051 ipsis,
285 3966 502 4031 inenarrabili
531 3966 736 4049 benignitate
766 3972 885 4031 natura
914 3967 1077 4031 insernit't
1122 3965 1251 4050 Ecquis
1365 4011 1368 4018 ι

160 4079 228 4134 tum
249 4087 318 4132 non
348 4069 460 4133 animo
490 4073 629 4152 reputat,
659 4066 938 4152 quemadmodum
969 4067 1123 4132 omuibus
1154 4069 1252 4134 malis
