3016 4876
442 341 575 389 unomo
602 339 626 389 ι.
650 339 764 390 aanor
790 334 975 392 ornamur.
1207 327 1249 394 sl

160 486 246 548 anim
275 483 427 549 omittam
446 485 654 568 principium,
678 483 720 548 ds
744 501 813 568 qno
831 483 965 550 abunde
979 484 1015 548 in
1030 483 1248 568 praecedentis

160 585 226 648 bns
236 584 361 650 diotnm
375 603 462 650 ame
476 586 671 651 audivistis:
694 587 729 650 in
745 587 874 670 reliquo
890 585 1062 650 Pentheus
1079 605 1101 650 a
1111 585 1249 652 'lorello

161 685 224 751 boo
239 687 422 770 discrepat,
436 687 528 770 qnod
542 689 654 764 verbo,
678 685 874 751 ‘Maroiviae
886 685 1034 769 posteri,’
1046 692 1080 751 et
1095 689 1251 770 ‘patriae'

162 793 261 865 caret,
276 789 380 852 semel
396 794 522 852 tantum
548 786 706 865 ‘matria’
728 794 764 852 at
777 794 787 822 ‘
798 786 984 852 Marcellae'
998 788 1156 865 meminit,
1168 807 1250 870 qna·

161 906 234 951 mm
246 888 301 953 bis
314 888 440 954 mentio
462 890 635 954 aTorello
649 889 741 954 faeta
764 896 834 953 est:
857 889 1033 971 ‘patrem
1053 908 1130 953 vero
1153 888 1250 954 addi,

161 986 222 1064 dit,
246 1005 346 1070 quem
359 985 514 1052 'l'orellus
524 989 693 1072 praeteriit.
737 989 833 1053 Idem
845 988 984 1054 dissidet
996 990 1040 1054 ab
1055 987 1250 1054 Alexandro

156 1088 276 1182 ¹verbis
291 1089 417 1152 mutilis
443 1086 662 1167 ‘·roiviae·ri‚'
681 1095 714 1154 et
734 1088 837 1167 ‘·eri,’
859 1090 1043 1171 praeteritis.
1085 1089 1142 1154 Ab
1158 1088 1251 1153 Onu·
1386 1089 1388 1098 ‘

161 1191 226 1254 irio
248 1209 327 1253 vero
353 1191 472 1255 iisdem
494 1191 642 1267 omissis,
660 1197 695 1254 at
719 1195 729 1226 ‘
741 1187 874 1255 -cellae.'
918 1189 983 1254 Sed
999 1191 1042 1253 ab
1058 1189 1250 1254 Alexandro

163 1291 349 1356 benedicto
363 1292 398 1354 in
417 1311 459 1356 eo
479 1291 587 1356 differt
599 1292 767 1370 Torellns,
793 1291 885 1374 qnod
909 1309 932 1354 a
953 1289 1168 1356 ‘Marcivim'
1192 1309 1251 1356 no·

162 1393 262 1469 mine,
288 1391 370 1476 qnid
391 1394 468 1457 loco
490 1393 678 1469 ‘·rioiviae,'
698 1393 934 1476 interpretatus
948 1396 1009 1468 est,
1024 1391 1118 1456 addit
1137 1391 1249 1456 ‘blar-

163 1491 278 1570 eellae,'
299 1500 332 1558 et
354 1494 432 1558 loco
457 1494 599 1578 syllabae
621 1492 705 1572 ‘·ri,’
727 1495 827 1558 babet
851 1493 992 1569 ‘mattiss
1012 1503 1047 1556 et
1071 1513 1132 1576 pro
1160 1492 1250 1572 ‘eri,'

163 1592 291 1677 ‘patri’
312 1594 478 1678 ‘posteri’
500 1602 536 1659 et
550 1593 709 1676 ‘patriaess
731 1593 829 1671 dixit,
855 1591 964 1656 ‘mae'
989 1592 1070 1656 nibil
1090 1593 1250 1672 meminit,

164 1715 240 1778 qnae
258 1695 390 1778 syllaba
403 1697 560 1778 proxima
574 1695 677 1758 verbo
700 1691 829 1758 ‘matri’
851 1693 885 1756 in
907 1691 1100 1757 Alexandro
1116 1699 1250 1759 antece-

162 1797 224 1874 dit,
238 1794 301 1860 bac
316 1815 394 1862 vero
409 1797 484 1861 sola
498 1797 541 1860 ab
565 1794 705 1860 Ouusrio
720 1793 880 1870 dissidet;
903 1813 943 1857 ac
967 1794 1056 1877 quod
1080 1796 1183 1860 rerba
1203 1797 1252 1859 in·

162 1896 296 1974 oboata,
312 1899 410 1962 verbu
425 1899 550 1978 integra
564 1896 606 1960 de
624 1913 684 1960 suo
697 1895 830 1976 ingenio
843 1894 966 1970 retulit.
996 1894 1064 1958 Sed
1075 1895 1251 1962 neoAlex-

163 1998 266 2062 ander
279 1998 483 2062 Benedictus
497 2015 632 2080 qnoque
644 2015 719 2060 oum
732 1994 872 2059 Onnsrio
887 1996 1053 2073 convenit,
1064 2014 1251 2080 quanquam

162 2101 267 2162 verba
280 2099 395 2163 mutila
410 2099 579 2164 retulerit:
601 2099 689 2162 sicut
704 2095 865 2161 Onnlrins
880 2097 1082 2161 observavit.
1103 2103 1114 2135 ‘
1123 2097 1251 2164 -cellae'

163 2217 309 2282 namque
323 2201 448 2276 omisit,
465 2199 563 2282 oujns
577 2199 612 2262 in
627 2199 791 2263 Panvinio
806 2197 929 2260 mentio
945 2205 1052 2260 extat.
1087 2196 1188 2274 Quod
1202 2199 1252 2262 in·

164 2300 258 2382 signe
272 2300 460 2378 dissidium,
476 2308 511 2365 et
521 2305 637 2384 aperta
651 2299 821 2363 discordia
834 2298 869 2362 in
884 2316 925 2361 eo
941 2297 1086 2361 maxima
1101 2301 1251 2362 testimo·

163 2405 230 2481 nio,
245 2422 314 2485 qno
329 2403 500 2486 praecipuo
514 2420 575 2465 nos
589 2402 681 2482 argui
689 2399 805 2483 injusti
818 2398 995 2483 patrocinii
1009 2399 1160 2482 suscepti
1176 2419 1251 2466 cnm

164 2502 316 2569 Pantheo
340 2505 440 2568 ceteri
462 2501 671 2586 profitentur,
689 2500 783 2577 lacit,
797 2503 836 2564 ni
850 2498 992 2576 credam,
1008 2499 1141 2578 Patres,
1155 2521 1197 2565 eo
1218 2501 1252 2565 in

163 2605 226 2668 bac
250 2623 367 2682 cansa,
388 2604 557 2686 (qnoniam
572 2607 684 2669 eontra
699 2603 795 2685 ipsos
810 2601 922 2683 potios
934 2607 997 2676 est,
1012 2619 1112 2691 quam
1124 2621 1186 2684 pro
1200 2603 1253 2684 ip-

165 2705 240 2782 sis,)
250 2705 559 2770 Novocomensium
567 2722 714 2768 meorum
726 2702 859 2787 juribus
868 2700 956 2766 haud
973 2703 1251 2768 contemnendam

164 2805 234 2870 deri
261 2807 498 2882 accessionem,
518 2824 580 2868 vos
602 2823 678 2868 esse
698 2803 918 2886 judicaturos.
972 2801 1050 2866 Non
1074 2800 1193 2879 dioam,
1221 2805 1252 2867 si

164 2904 386 2990 qnaaratrrrde
399 2907 485 2982 loeo,
507 2905 543 2968 in
571 2923 640 2988 qno
662 2903 831 2966 inventum
854 2901 1068 2984 Epigramma
1086 2903 1139 2980 sit,
1166 2903 1252 2967 unda

164 3013 305 3084 erutum,
326 3008 409 3072 inter
432 3006 643 3072 adversarios
666 3022 732 3068 non
746 3002 933 3081 convenire,
947 3002 1036 3085 qnod
1052 3005 1117 3081 vis,
1133 3011 1167 3069 et
1179 3023 1252 3068 nar·

164 3127 228 3172 vus
248 3108 440 3173 offensionis
463 3108 498 3172 in
523 3107 769 3190 Epigrammata
792 3104 873 3168 milri
893 3122 960 3168 non
971 3104 1047 3168 loeo
1059 3103 1250 3170 effossionis

164 3209 311 3292 positum
326 3229 402 3274 esse
424 3209 591 3276 videatur:
614 3226 804 3291 quanquam
817 3225 860 3270 ne
874 3206 962 3270 bano
976 3223 1111 3288 quoque
1125 3204 1252 3270 discor-

165 3308 255 3374 diam
279 3309 368 3374 alius
380 3309 547 3393 quispiam
563 3326 651 3373 ame
667 3304 893 3389 negligendam
900 3304 1112 3387 judicaverit,
1126 3306 1251 3389 inqua,

166 3411 257 3494 qnod
270 3411 404 3496 adjuvet
412 3416 555 3475 nostram
563 3407 802 3484 defensionem,
813 3407 942 3489 aliquid
951 3408 1059 3470 inesse
1069 3406 1251 3472 existimet.

166 3510 259 3576 Illud
273 3513 387 3595 potius
403 3512 525 3589 dioam,
541 3511 630 3594 qood
644 3511 814 3594 proprium
829 3516 882 3573 est
897 3506 1163 3592 Epigraunnatis,
1184 3528 1253 3573 non

166 3611 247 3690 looi,
270 3632 331 3677 neo
354 3611 557 3677 dissimulari
570 3631 668 3696 posse
679 3611 817 3689 videtur,
832 3611 944 3676 mirari
959 3629 1011 3674 me
1021 3610 1111 3673 viros
1128 3611 1253 3692 gravis-

167 3712 272 3778 simos
290 3714 500 3779 adversarios
514 3719 655 3793 nostros,
669 3714 819 3797 inprimis
835 3712 1033 3776 Panvinium
1049 3712 1086 3774 in
1099 3712 1253 3793 antiqua·

166 3833 240 3879 rnm
254 3815 467 3880 historiarum
481 3813 622 3879 lectione
645 3813 972 3891 exercitatissimum,
989 3833 1062 3876 eum
1077 3812 1252 3888 bominem,

166 3917 283 3999 quiin
307 3915 553 4000 Epigrammata
577 3917 775 3994 nominatur,
800 3915 876 3980 solo
902 3921 1066 3996 auguratu
1091 3913 1253 3992 insignem

165 4015 273 4082 luisse
296 4017 563 4096 memorabilem
585 4035 653 4081 non
677 4017 949 4084 animadvertisse
963 4021 1090 4091 contra,
1106 4010 1252 4076 Plinium
1270 4069 1276 4076 .

167 4117 340 4183 Saniorum
365 4119 518 4202 plurium
544 4117 823 4204 splendidioribus
853 4117 1103 4203 magistratibus
1126 4113 1253 4196 egregie
1311 4151 1312 4154 =

232 4234 355 4297 nepueu
372 4234 504 4284 Vunchru
668 4233 796 4292 Pusam,
1020 4267 1021 4272 ,
1060 4277 1066 4292 ,
1090 4261 1104 4272 -.
1171 4229 1192 4276 F
1244 4257 1252 4270 ·
