3038 4880
513 367 601 480 usu.
625 432 725 482 ιιιιι.
749 433 823 480 cru.
845 434 885 482 ιι.
908 419 983 484 110.
1219 425 1283 486 517

192 571 326 636 sthenes
338 572 375 635 in
390 575 542 639 omnium
562 574 697 657 quidem
718 574 886 654 literarum
907 576 1102 654 subtilitate,
1118 583 1150 642 et
1168 578 1203 642 in
1217 580 1283 644 huo

190 674 308 756 utique
324 678 440 754 praeter
455 681 583 740 ceteros
598 675 716 751 solers,
731 694 831 758 quem
841 681 868 724 ²⁹
882 677 1011 740 cunctis
1027 679 1163 760 probari
1177 681 1286 757 video,

191 774 411 838 ducentorum
426 777 668 859 quinquaginta
683 771 826 841 duorum
841 777 984 841 millium
1005 778 1152 842 stadium
1176 781 1285 862 prodi·

190 875 251 943 dit.
296 876 383 955 Quae
402 879 573 943 mensnra‘
590 877 746 942 Romana
767 879 1017 962 computatione
1040 878 1140 944 efficit
1156 888 1285 945 trecen·

189 976 256 1040 ties
266 977 456 1058 quindecies
468 985 610 1042 centena
621 978 725 1043 millia
736 997 828 1061 pass.
873 979 1066 1063 Improbum
1078 999 1213 1045 ausum:
1227 999 1285 1045 ve·

190 1095 265 1140 rum
280 1077 330 1141 ita
345 1077 461 1142 subtili
476 1080 760 1161 argumentatione
769 1087 795 1126 ³⁰
810 1079 1095 1163 comprehensum,
1105 1089 1143 1144 ut
1157 1083 1285 1166 pudeat

189 1197 255 1242 non
268 1179 408 1243 credere.
452 1179 695 1264 Hipparchus¹¹
718 1187 753 1245 et
772 1182 806 1245 in
828 1181 1041 1263 coarguendo
1063 1202 1116 1259 eo,
1134 1191 1169 1246 et
1181 1183 1216 1246 in
1231 1201 1285 1247 re-

190 1280 285 1362 liqna
300 1281 389 1344 omni
404 1281 576 1362 diligentia
590 1281 705 1358 mirus,
721 1281 838 1363 adjicit
856 1282 1041 1347 stadiorum
1056 1283 1159 1367 paulo
1174 1285 1285 1348 minus

192 1393 291 1446 xxv.
306 1381 423 1444 miliia.

233 1479 347 1566 (cix.)
367 1481 449 1547 Alia
463 1481 723 1568 Dionysodoro'
736 1483 844 1552 fides:
866 1486 1076 1570 nequeenim
1092 1486 1285 1551 subtraham

193 1584 387 1666 exemplum
412 1586 574 1649 vanitatis
601 1583 761 1650 Graecee'
782 1586 976 1650 maximum.
1020 1587 1146 1651 Melius
1159 1594 1207 1633 ³¹¹
1228 1586 1284 1651 hic

191 1684 266 1762 ruit,
289 1684 502 1752 Geometrica
524 1689 668 1752 scientia
690 1688 824 1752 nobilis.
870 1687 1013 1751 Senecta
1036 1687 1123 1752 diem
1150 1686 1285 1750 obiitin

191 1785 311 1868 patria.
356 1785 472 1852 Funus
497 1788 646 1852 ducerer
683 1793 715 1853 ei
735 1789 946 1872 propinquae,
973 1789 1016 1853 ad
1037 1807 1121 1872 quas
1141 1788 1286 1872 pertine·

191 1884 250 1950 bat
259 1885 445 1956 hareditas.
487 1889 547 1956 Eae
561 1909 637 1954 cmu
650 1892 775 1956 secutis
789 1891 907 1955 diebus
917 1891 1010 1974 justa
1021 1895 1224 1973 peragerent,
1234 1890 1285 1954 in·

646 2075 829 2100 nemnem

193 2195 439 2260 quinquaginta-29
450 2196 493 2246 ita
504 2195 587 2248 Chiffl.
600 2197 695 2260 aliique
706 2194 783 2244 codd.
793 2210 836 2258 ap.
848 2194 978 2244 Harduiu.
986 2195 1048 2244 item
1059 2191 1185 2242 Hsrduin.
1194 2197 1218 2241 1.
1227 2195 1251 2242 0.
1260 2197 1286 2244 0.

192 2260 289 2309 Miiier.
300 2261 404 2320 Bipout.
416 2269 443 2311 et
454 2262 546 2312 Fraus.
562 2276 632 2324 quoru
642 2259 702 2310 edd.
712 2267 776 2309 vett.
785 2268 813 2310 st
822 2260 1004 2311 Gronau—8⁰
1012 2257 1118 2307 ltacod.
1129 2258 1219 2306 Daiec·
1227 2272 1286 2306 cum

193 2322 254 2372 cdd.
268 2323 392 2372 Hardnin.
404 2328 427 2374 1.
439 2329 464 2374 0.
476 2330 500 2374 0.
521 2326 618 2374 Miller.
638 2325 744 2387 Rip-out.
757 2331 785 2372 et
800 2325 893 2372 Fraus.
909 2323 1078 2384 computatione
1095 2321 1154 2371 edd.
1175 2327 1238 2370 vett.
1257 2330 1286 2370 et

192 2387 369 2438 Gronau-tl
381 2388 456 2437 Chius
465 2389 523 2439 cod.
535 2390 627 2440 Daicc.
641 2388 739 2454 deiar,
751 2394 778 2437 ct
789 2388 896 2454 t'pdsisa
906 2401 995 2450 margo
1006 2386 1065 2436 cdd.
1076 2386 1170 2436 Dalcc.
1182 2395 1208 2436 ct
1218 2385 1285 2435 Gro-

681 2565 789 2617 NOTAE
838 2569 842 2577 '

192 2691 326 2741 Vitruvius
338 2705 357 2740 ι.
372 2695 396 2742 0.
407 2707 433 2755 p.
445 2696 484 2742 11.
512 2691 661 2743 Macrobius
672 2691 717 2741 lib.
758 2691 831 2756 logii,
842 2692 910 2758 qood
927 2691 1059 2743 ‘conum’
1076 2690 1212 2752 vocabant,
1226 2705 1286 2741 auc.

193 2781 226 2817 ιι.
237 2767 263 2816 in
282 2767 370 2816 Sumo.
381 2767 452 2831 Scip.
463 2781 522 2830 cap.
535 2771 576 2817 00.
591 2781 651 2831 pag.
663 2769 718 2816 100.
759 2775 799 2819 tor
808 2776 850 2819 cst
860 2769 996 2819 Vitruvius
1007 2783 1049 2818 rx.
1059 2772 1083 2818 0.
1097 2783 1124 2832 p.
1135 2769 1190 2816 190.
1215 2766 1286 2816 Ami·

193 2843 360 2902 Censorinus,
370 2855 429 2904 cap.
441 2846 481 2891 lt.
493 2857 518 2905 p.
530 2846 572 2890 80.
584 2843 687 2906 aliique·
759 2859 848 2894 acuum
875 2845 1087 2895 Mathematicum
1116 2844 1183 2892 huuc
1205 2840 1286 2894 fuisse
1323 2829 1333 2850 ⁸

224 2919 233 2950 ⁸
249 2918 309 2973 Qus
327 2915 446 2979 msam]
463 2916 504 2966 Ita
514 2917 659 2966 Mentimur
674 2915 718 2967 iib.
760 2925 851 2968 auctor
863 2927 903 2968 est
914 2919 1008 2968 Strabo
1017 2932 1070 2968 xrs.
1080 2933 1106 2980 p.
1116 2920 1173 2966 018.
1185 2922 1211 2965 et
1223 2917 1287 2966 aite-

191 3007 231 3044 vr.
240 3009 297 3058 cap.
308 2994 342 3043 de
353 2995 462 3044 circuitu
474 3002 561 3054 terrae,
573 3008 598 3056 p.
610 2995 667 3046 108.
684 2993 720 3042 Et
760 3008 816 3043 rum
839 2994 954 3057 ciusdem
982 2993 1090 3043 nominis
1119 2991 1285 3042 Geometrarn

193 3084 282 3120 rerum
308 3069 334 3119 id
361 3061 472 3134 quidcni.
513 3069 580 3120 Nam
608 3067 720 3118 stadium
760 3068 888 3119 extitisse.

192 3157 279 3194 cuv.
291 3144 408 3208 passibus
426 3151 538 3195 constat.
570 3143 682 3194 Proinde
697 3145 720 3194 si
791 3151 808 3176 '
830 3144 951 3194 Vanitatis
962 3141 1068 3206 Groecoe]
1083 3140 1160 3193 Quod
1170 3139 1287 3189 nimirum

193 3223 302 3270 000000.
324 3235 371 3284 per
391 3223 448 3270 101.
468 3220 634 3283 multiplices,
656 3218 721 3270 tiant
760 3219 951 3270 Geometricsm
976 3233 1048 3268 suam
1064 3215 1288 3266 ratiocinationem

193 3300 330 3345 11100000.
342 3309 410 3359 pass.
437 3294 487 3344 Sed
497 3295 673 3344 Eratosthenis
679 3309 720 3345 cr·
760 3295 939 3359 experimento
949 3299 1009 3356 post
1024 3297 1131 3341 mortem
1143 3289 1232 3338 testari
1243 3303 1288 3339 ro·

193 3385 277 3422 rorem
297 3371 398 3434 detegit
408 3369 546 3432 Riccioiur,
557 3378 656 3421 tomos.
673 3369 719 3419 nt·
760 3370 847 3420 luerit.
879 3369 916 3419 At
927 3370 948 3418 si
959 3381 1101 3417 mensurant
1113 3371 1226 3428 spectes,
1237 3378 1288 3415 nou

193 3462 262 3510 mag.
273 3462 299 3510 p.
310 3450 351 3496 01.
760 3444 881 3494 vanitatis
905 3442 977 3506 iliud,
1008 3441 1054 3491 sed
1082 3440 1199 3489 recitatis
1230 3447 1288 3490 est:

226 3530 238 3555 ¹
260 3519 423 3586 Hipparchus]
436 3520 499 3584 Ejus
516 3519 668 3569 seutentiam
686 3518 719 3568 rie
758 3520 855 3584 quippe
877 3517 910 3567 ad
933 3531 990 3567 cam
1012 3530 1156 3566 mensuram
1177 3515 1288 3578 accedit,

193 3605 271 3648 terrae
290 3596 388 3646 ambitu
403 3594 490 3645 multis
501 3595 615 3658 explicat
625 3593 720 3644 Strabo
760 3608 836 3658 quam
848 3593 895 3643 riri
906 3591 1086 3643 hodiacrnditi
1095 3589 1222 3653 probant:
1239 3604 1288 3641 nec

193 3675 442 3737 iib.rr.prcnetoto.
759 3667 977 3720 stratosthcnc
989 3666 1139 3717 asablndit.

175 3755 178 3762 '
226 3748 434 3812 'DioupmdoroJ
461 3746 557 3807 Aliter,
579 3745 672 3810 iuquit,
692 3751 721 3794 ct
792 3752 805 3779 ¹
822 3744 922 3807 Metius]
940 3743 982 3793 lta
1002 3744 1065 3807 Reg.
1083 3747 1107 3792 l.
1123 3746 1148 3792 0.
1166 3743 1215 3792 &a
1247 3743 1289 3794 Ex

194 3827 295 3877 cautius
314 3824 394 3874 ruuito
409 3821 602 3886 Dionysodorus
620 3827 661 3870 est
676 3833 721 3872 au·
760 3821 845 3871 incula
856 3821 937 3878 Melo,
949 3819 982 3868 de
994 3830 1044 3882 qua
1053 3831 1090 3866 ru.
1101 3820 1142 3866 00.

194 3899 312 3960 duodus,
332 3898 377 3963 qui
399 3898 523 3947 miraculo
545 3897 600 3947 solo
621 3895 721 3956 nititur,
793 3904 804 3939 ι
822 3893 1010 3957 Fanuaduccrc]
1021 3894 1107 3942 Funus
1115 3892 1220 3948 docere,
1231 3905 1289 3954 pro·
1325 3887 1328 3896 '

195 3991 271 4043 quam
292 3973 458 4037 Hipparchus
478 3979 505 4022 ct
527 3971 722 4033 Eratosthenes,
762 3973 958 4037 ssqniest‚non
975 3968 1140 4019 antecedere.
1172 3965 1289 4017 Itsurrr.

194 4053 239 4118 qui
258 4049 427 4101 Geometricis
445 4047 560 4098 nituntur
578 4046 723 4111 principiis.
762 4053 803 4098 01.
819 4039 1291 4106 ⁸tterdestructoctduxttexcqnim!

194 4131 328 4182 Laudatur
344 4125 514 4187 Διονυσόδωρος
530 4123 562 4173 ab
581 4122 722 4186 Hesychia,
762 4124 816 4174 Soti
838 4123 967 4184 tibicines,
988 4119 1159 4184 preficaequc,
1179 4127 1206 4166 ct
1233 4119 1289 4183 qni·

196 4205 277 4254 aerbo
289 4201 394 4252 Γλαύκου
403 4198 488 4263 τίχνη,
506 4215 533 4263 p.
546 4203 603 4249 018.
637 4197 724 4261 Hujus
763 4214 871 4264 cumque
884 4195 1289 4262 pompeinserviebant,antece·

194 4279 328 4332 inuentum
338 4291 395 4328 esse
405 4288 487 4342 genua
503 4273 632 4340 quoddam
648 4273 723 4323 horo·
764 4276 827 4327 dere
838 4274 918 4326 soiiti.
