3056 4878
495 405 582 454 uer.
604 405 701 455 urar.
728 407 798 454 nra.
822 407 864 454 rr.
884 391 937 456 67.
1191 397 1257 462 ddi

166 566 247 614 nuru
270 547 382 623 armis,
407 547 554 612 Seleuco
579 553 683 631 atque
705 546 872 614 Antiocho
881 549 1116 630 oegnantibus,
1141 553 1257 635 quiet

166 649 342 714 Seleucida
371 657 473 732 atque
502 647 705 714 Antiochida
733 651 777 714 ab
806 649 890 732 ipsis
922 651 1081 732 appellari
1112 653 1257 720 uoluere.

166 750 267 815 Girm
287 750 451 834 Caspium
479 767 610 832 quoqne
635 749 739 814 multa
759 748 905 818 Ooeaui³
932 751 1047 816 littora
1070 754 1257 835 explorata,

165 871 337 936 parvoque
362 851 521 930 brevius,e
545 869 644 934 quarn
659 857 760 930 totus,
774 851 853 916 hino
873 859 932 919 aut
951 853 1040 917 illino
1065 857 1257 937 septemtrio

165 954 368 1032 eremigntus
415 952 463 1018 Ut
477 959 588 1018 tamen
611 953 814 1037 conjecturae
838 953 949 1018 locum
970 955 1019 1018 sio
1041 973 1176 1039 quoque
1191 975 1257 1022 uon

164 1054 340 1137 relinquat,
358 1057 477 1136 iugens
504 1061 732 1138 argumentum
754 1055 891 1138 paludis
917 1053 1101 1134 Maeotiom
1119 1058 1191 1122 sive
1215 1077 1257 1124 ea

164 1155 256 1220 illius
280 1155 408 1224 Oceani
421 1157 515 1221 sinus
538 1164 604 1232 est,
618 1164 658 1221 ut
680 1156 803 1222 multos
828 1155 966 1222 adverto
978 1158 1168 1236 credidisse,
1183 1159 1256 1225 sive

165 1264 310 1339 angusto
333 1256 469 1324 disereti
489 1254 584 1323 situd
611 1259 823 1340 restagnatio.
867 1257 946 1323 Alio
971 1259 1072 1324 latere
1098 1259 1256 1339 Gadium,

164 1359 208 1422 ab
231 1359 351 1423 eodem
371 1358 555 1438 oeoidento,
570 1375 691 1442 magna
712 1377 792 1444 pars
813 1351 987 1424 meridiani
1012 1360 1106 1424 sinus
1128 1360 1257 1427 ambitu

165 1457 375 1525 Mauritaniae
388 1461 565 1543 navigatur
578 1460 690 1526 hodie.
734 1459 897 1545 Majorem
909 1459 1064 1544 quidem·
1090 1462 1165 1546 ejus
1179 1480 1256 1545 par·

164 1569 244 1639 tem,
259 1567 296 1625 et
310 1561 457 1637 orientis,
471 1561 623 1628 victoum
647 1559 764 1644 Magni
786 1561 971 1627 Alexandri
991 1563 1183 1640 lustravere,
1198 1583 1256 1628 us·

164 1679 230 1742 que
253 1661 288 1724 in
302 1660 484 1728 Arabicum
500 1663 619 1727 sinum.
662 1661 704 1727 In
730 1682 798 1748 quo
819 1681 872 1728 res
894 1670 1027 1745 gerente
1043 1661 1083 1729 G.
1099 1660 1259 1730 Gaesaref

163 1761 310 1844 Augusti
328 1763 520 1848 tilio‚sigua
538 1767 675 1830 navium
698 1785 742 1830 ex
767 1765 1050 1849 Hispaniensibus
1073 1764 1256 1847 musragiis

162 1869 313 1932 feruutur
328 1869 450 1947 agnita.
494 1867 537 1932 Et
557 1867 693 1946 Hanno,
708 1867 918 1950 Carthaginis
935 1868 1087 1949 potentia
1105 1867 1255 1942 florente,

163 1967 406 2032 circumvectus
433 1987 454 2032 a
476 1966 630 2033 Gadibus
653 1967 695 2032 ad
722 1968 819 2033 finem
841 1965 990 2042 Arabiae,
1012 1967 1257 2050 nauigationem

162 2086 236 2132 eam
257 2066 400 2152 prodidit
421 2070 567 2152 scripto:
594 2071 684 2134 siout
705 2068 748 2132 ad
773 2075 890 2132 extera
917 2067 1063 2150 Europae
1089 2067 1257 2135 noscenda

161 2171 286 2236 missus
311 2171 425 2235 eodem
450 2181 600 2254 tempore
615 2170 774 2235 Himilco.
819 2171 1009 2234 Praeterea¹
1034 2169 1154 2251 Nepos
1174 2168 1256 2234 Gor·

162 2273 268 2337 aelius
294 2281 412 2338 auctor
441 2281 503 2350 est,
530 2271 733 2338 Eudoxuml
763 2271 926 2356 quendam
953 2291 1018 2336 sua
1043 2277 1255 2348 notatarum

625 2467 805 2489 ΟΟΙΜΝΜ

161 2593 394 2659 Lugdunensis.
411 2605 438 2648 et
456 2598 619 2650 (treuna-s
638 2599 704 2652 Cod.
719 2601 813 2652 Drlee.
828 2601 902 2650 nso·
912 2601 990 2650 utare
1004 2599 1132 2652 mut-r
1148 2596 1256 2648 Sabelll·

655 2777 762 2830 ΝΟΤΙΕ

161 2887 234 2949 thiel,
251 2894 353 2938 veteres
375 2887 495 2937 arbitrati
517 2897 585 2938 sunt.
618 2890 686 2940 Vide
760 2889 815 2940 fc.
833 2890 940 2952 casare]
958 2889 1081 2953 Agrippa
1098 2888 1161 2945 tilio,
1180 2901 1255 2952 qrrem

161 2977 219 3027 quae
231 2962 326 3012 dictori
339 2977 425 3012 sumus
438 2977 476 3014 vr.
488 2969 527 3014 111.
601 3007 604 3014 ,
729 2967 862 3032 Augustos
870 2963 1016 3030 adoptarit.
1048 2962 1115 3014 Vide
1127 2977 1165 3012 vr.
1177 2967 1217 3014 ³1.

193 3037 344 3102 eramque
362 3035 466 3104 domas]
500 3039 584 3090 Paulo
605 3040 687 3092 minus
761 3040 928 3104 sProeterso]
945 3041 1081 3105 Reliquum
1097 3038 1154 3090 t'ere
1176 3046 1256 3103 orput

160 3129 237 3179 qrram
260 3122 340 3177 totos,
354 3115 408 3165 sire
424 3114 479 3166 sere
498 3124 578 3167 totus.
610 3116 688 3166 Paron
729 3119 762 3169 sd
779 3118 888 3168 verbum
905 3117 1005 3168 Plinius
1027 3116 1112 3166 hausit
1128 3129 1162 3164 ex
1183 3115 1256 3164 Mela

161 3203 209 3254 pro
229 3189 339 3252 ‘exigno
372 3189 463 3253 spatio'
490 3189 625 3240 familiaris
649 3199 689 3242 ast
729 3207 774 3244 ιιι.
784 3200 809 3243 ⁶.
826 3207 852 3256 p.
863 3197 904 3240 ld.
924 3201 953 3241 et
969 3206 1027 3254 esp.
1048 3195 1074 3238 9.
1098 3205 1125 3252 p.
1141 3193 1182 3239 oa.
1216 3189 1257 3238 Es

161 3265 281 3329 scriptori
292 3264 350 3330 hoio
362 3266 471 3314 locutio:
496 3263 577 3314 ‘Tam
590 3266 688 3330 perro:
730 3281 791 3318 vero
808 3266 912 3316 tametsi
928 3265 998 3314 ridet
1014 3263 1110 3314 Strabo
1126 3263 1172 3312 lib.
1183 3276 1214 3312 rr.
1230 3277 1256 3326 p.

162 3342 255 3405 inquit,
276 3352 302 3388 r.
318 3343 357 3389 1².
373 3340 468 3390 ‘distat
486 3340 523 3390 ibi
543 3355 628 3392 rernm
644 3357 688 3391 na·
729 3347 770 3392 98.
795 3349 916 3403 tauquam
938 3355 954 3388 a
973 3338 1113 3388 Posidonio
1133 3337 1255 3400 condeta,

162 3415 394 3468 turadirerrltsa'
730 3413 1255 3475 seltemereeredita,osleulotsnrensus

192 3493 330 3556 “Augusto
356 3493 455 3543 Μαι·
476 3491 537 3555 rita]
561 3494 603 3544 lta
625 3493 689 3543 Mes.
727 3490 877 3542 Herodotus
887 3489 1048 3554 comprobat,
1059 3489 1184 3553 Melpum.
1194 3505 1255 3556 pag.

160 3583 257 3619 omnes.
273 3568 687 3634 Sire,inquit‚palnslroeeltreo·
727 3572 785 3620 23⁷.
808 3567 937 3630 donetque
959 3565 1107 3622 Plroeuioes,
1133 3567 1166 3616 sb
1190 3569 1255 3632 Ery·

161 3645 215 3694 rios
233 3644 451 3705 septemtrionalis
463 3643 574 3708 Oceani,
587 3646 689 3697 modloo
729 3645 812 3696 tlrroeo
836 3643 901 3692 marl
925 3641 1063 3698 solventes.
1091 3644 1170 3693 Boua
1198 3647 1254 3709 spei

161 3729 287 3771 terrarum
305 3727 390 3772 tractu
409 3725 545 3792 spatioque
567 3726 626 3776 ῑῃὼ
638 3726 689 3776 (ug.
729 3721 933 3786 promontorium
944 3733 1002 3770 erse
1018 3726 1212 3784 praemotus,
1224 3736 1255 3771 so

159 3797 237 3858 oreti,
263 3799 473 3861 restagnatione
495 3803 574 3852 veluti
597 3809 689 3852 astus·
729 3799 832 3848 demuto
857 3811 905 3860 per
929 3797 1060 3846 columnas
1084 3795 1206 3846 Herculis
1228 3799 1255 3846 in

161 3875 227 3924 rium
235 3873 278 3924 sit.
729 3875 869 3937 AEgyptum
881 3886 1018 3923 remeasse.

192 3957 203 3983 ²
220 3948 337 4010 diriorem
347 3949 451 4013 psiderr]
468 3951 688 4017 consequuntur
760 3947 773 3981 ¹
789 3947 927 4010 lindosum]
943 3947 1086 4012 cyzicenus
1100 3947 1142 3997 hic
1161 3945 1222 4003 t'ult.
1238 3963 1253 3998 s

161 4027 193 4078 ad
204 4025 436 4088 esverlts,‘1dem
446 4027 544 4090 nepos:
552 4029 601 4077 dre.
616 4028 688 4077 Mar·
728 4023 822 4074 Culdlo
834 4021 1030 4084 Mathematioo,
1041 4021 1075 4072 de
1089 4037 1140 4087 qno
1151 4021 1254 4073 dicetur

161 4105 248 4153 tirum
269 4102 407 4165 exscripsit
428 4115 443 4152 e
470 4101 557 4152 Pllnlo
579 4103 687 4154 totidem
728 4098 909 4151 intinctorum
922 4098 1021 4161 ludios,
1038 4099 1114 4164 plane
1130 4099 1255 4150 diversus.

161 4179 254 4241 verus,
272 4179 317 4230 lib.
334 4193 373 4228 vr.
388 4193 446 4244 erp.
465 4179 499 4231 de
514 4179 687 4232 Rotundirate
727 4175 863 4225 Ptolemei
876 4175 1013 4238 evergete
1029 4174 1187 4238 temporibus
1199 4176 1253 4225 rix·

160 4257 258 4313 Terra,
269 4269 295 4322 p.
305 4259 362 4306 100.
372 4263 400 4307 et
410 4260 467 4306 101.
728 4255 779 4304 isse
795 4259 888 4304 auctor
904 4257 945 4303 ert
960 4251 1055 4303 Strabo
1073 4253 1123 4305 loe·
1134 4253 1178 4306 rit.
1197 4254 1253 4316 ejus
