3056 4878
279 357 344 424 too
642 365 676 418 c.
699 365 819 416 rururr
844 365 1009 414 sucusnr

279 513 413 582 tulimus
427 512 462 576 in
476 511 578 577 cmlo.
623 507 780 592 Namque
803 508 840 572 iu
864 507 921 574 illo
947 525 1033 574 cava
1057 506 1092 572 in
1113 527 1153 572 se
1174 511 1368 576 convexitas

278 615 398 698 vergit,
421 621 457 678 et
477 611 606 677 cardini
631 631 705 689 suo,
729 611 794 676 boc
812 615 874 689 est,
899 616 1005 688 terrm,
1027 609 1174 694 undique
1195 612 1369 676 incumbit.

279 717 380 794 Hoec,
394 721 430 780 ut
444 712 555 780 solida
571 719 671 797 etque
686 713 836 778 conserto
857 712 1010 793 assurgit,
1032 713 1266 778 intumescenti
1280 716 1369 778 sirni-

277 818 332 896 lis,
346 824 506 900 extraque
521 807 749 898 protenditur.³
794 813 965 878 Mundus·
983 814 1017 878 in
1030 819 1175 880 centrum
1190 815 1316 896 vergit:
1333 823 1368 881 et

277 926 367 984 terra
380 919 453 983 exit
467 937 488 982 u
502 923 628 993 centro,
652 918 847 981 immensum
869 913 944 998 ejus
959 914 1096 996 globum
1110 915 1146 978 iu
1160 915 1301 980 formem
1316 935 1368 980 or-

276 1020 331 1084 bis
345 1019 487 1084 assiduu
499 1017 591 1082 circo
606 1037 680 1082 eum
693 1017 807 1081 muudi
822 1015 1030 1082 volubilitate
1044 1022 1190 1098 cogente.

323 1135 413 1182 cxv.
435 1115 559 1202 (cxv.)
580 1117 702 1201 lugens
715 1117 769 1181 bie
782 1135 895 1199 pugno
905 1116 1084 1194 literarum,
1099 1123 1282 1199 condoque
1296 1116 1367 1180 vul-

278 1219 575 1306 giecircumfundi
596 1226 690 1285 terrae
712 1217 859 1302 undique
880 1217 1042 1294 homines,
1055 1217 1295 1300 conversisque
1318 1217 1366 1280 iu·

277 1329 378 1388 terso
392 1320 537 1404 pedibus
551 1326 648 1392 sture,
663 1326 697 1385 et
710 1320 841 1385 cunctis
861 1319 1003 1383 similem
1017 1337 1094 1383 esso
1108 1319 1188 1384 coeli
1202 1320 1365 1395 verticem,

278 1443 320 1490 ec
333 1421 434 1487 simili
448 1422 548 1487 modo
564 1441 610 1488 ex
629 1439 842 1505 quecumque
862 1426 955 1504 perte
978 1420 1119 1485 mediam
1142 1420 1285 1486 calceri:
1306 1421 1365 1484 illo

278 1524 472 1607 querente,⁴
491 1541 549 1589 cur
563 1542 630 1586 non
650 1521 808 1587 decidunt
827 1528 941 1586 contra
958 1521 1036 1585 sitis
1060 1529 1221 1606 tauquam
1234 1538 1302 1584 uon
1315 1539 1366 1585 ru·

276 1625 347 1689 tio¹
370 1630 493 1708 praesto
508 1625 561 1700 sit,
575 1629 612 1688 ut
625 1643 688 1688 uos
707 1642 773 1687 uon
797 1622 950 1686 decidere
971 1623 1128 1686 mirentur
1151 1620 1212 1686 iili.
1257 1621 1364 1687 Inter-

276 1727 370 1792 venit
382 1726 552 1802 sententio,
561 1725 712 1807 quumvis
722 1721 860 1788 indocili
874 1722 1059 1804 probabilis
1073 1723 1363 1806 turbae,inaequeli

277 1827 389 1908 giobo,
404 1830 440 1889 ut
453 1824 484 1888 si
497 1826 542 1889 sit
556 1823 658 1906 figure
680 1824 789 1908 pineae
812 1823 916 1902 nucis,
930 1824 1142 1888 nibilominus
1164 1832 1288 1889 terram
1308 1845 1365 1890 uu·

277 1927 375 2011 dique
389 1924 518 1990 incoli.b
555 1924 623 1990 Sed
638 1925 791 2009 quidhoc
806 1926 906 1991 refert
920 1927 987 1992 ulio
999 1925 1160 1991 miraculo
1171 1927 1363 1990 exoriente‘i

276 2027 419 2112 pendere
439 2025 560 2109 ipsam,
575 2045 616 2091 ce
630 2045 696 2092 nou
719 2025 1034 2104 eederenobiscum,
1057 2045 1120 2092 cen
1140 2028 1365 2110 spiritusris,e

275 2127 398 2194 mundo
419 2127 598 2210 presertim
618 2127 749 2204 inclusi,
770 2126 875 2192 dubia
897 2128 1005 2193 sitr⁴²
1026 2135 1086 2190 out
1106 2127 1214 2209 possit
1234 2127 1365 2204 cadere,

275 2237 395 2296 nutura
416 2235 627 2314 repugnante,
641 2234 676 2293 et
689 2233 757 2312 quo'
777 2229 889 2306 cedet,
904 2234 1058 2311 negante.
1094 2226 1189 2292 ¹Nom
1209 2227 1300 2292 sicut
1314 2230 1364 2312 ig-

306 2408 429 2458 ‘Coeluon
555 2407 716 2458 ‘Heredum
725 2409 926 2472 uulgoquoemte.

307 2478 318 2503 ‘
334 2471 410 2526 (Μή
417 2472 488 2522 moia
498 2471 532 2521 sir
542 2473 656 2530 mintrio,
666 2473 707 2536 qni
717 2473 769 2522 coeli
775 2472 907 2534 promtus
917 2471 1006 2523 ambitu
1014 2472 1148 2524 includitur.

727 2645 909 2668 ΟΜΝΙΙ

274 2775 388 2840 ampliu
397 2782 532 2852 muctarem
543 2777 714 2826 lim—8
731 2774 797 2827 coo.
815 2776 907 2828 Dulce.
918 2782 943 2826 ei
958 2776 1362 2841 ietmxmiioinilismtroqse

271 2842 534 2955 wilesffffiul'lte
543 2903 619 2954 codd.
630 2903 721 2954 odeo.
732 2909 761 2952 et
772 2902 900 2955 llerduin.
912 2904 975 2953 item
987 2901 1046 2954 edd.
1058 2901 1184 2953 Hordnin.
1194 2908 1216 2952 i.
1226 2906 1251 2953 2.
1263 2907 1288 2953 3.
1299 2903 1359 2953 biii·

273 2965 322 3014 ler.
334 2968 438 3078 illrum.
450 2975 479 3018 et
498 2970 590 3018 Frons.
603 2973 713 3030 tanqum
722 2982 769 3016 oon
784 2973 807 3016 et
823 2970 885 3018 ratio
903 2968 964 3018 Ald.
976 2967 1050 3019 Junt.
1066 2968 1145 3017 ilarii.
1158 2966 1239 3030 bugd.
1250 2967 1360 3031 Ermmi,

274 3028 380 3078 Frnnk.
400 3031 482 3093 Leyd.
502 3033 592 3082 Driee.
609 3031 693 3095 bugd.
713 3035 786 3082 iobii.
805 3033 860 3082 Etr.
879 3041 907 3082 et
926 3033 1090 3083 Gronau—2
1107 3031 1192 3082 cnidi.
1205 3032 1302 3082 dubim
1319 3032 1360 3084 rit.

764 3188 870 3241 NOTAE

304 3283 440 3334 b‘remm
449 3285 612 3349 emioreroii]
624 3287 683 3336 Non
695 3285 732 3336 ite
741 3301 796 3337 cre·
833 3294 887 3350 tur,
906 3295 1003 3353 preter
1023 3302 1146 3354 squarnrn
1163 3289 1359 3338 immensitatem

272 3357 353 3408 ditum
365 3359 424 3407 oiim
437 3359 541 3410 Homeri
550 3361 716 3424 temporibus,
727 3370 757 3411 ut
767 3361 794 3411 lu
833 3363 1290 3426 indutumfrbuimsmquestygem.
1302 3363 1358 3412 Fel-

271 3432 400 3496 Apologie
414 3433 520 3485 Homeri
533 3435 660 3495 diximum
676 3450 724 3486 uec
735 3435 793 3485 Vir·
833 3451 889 3488 rum
908 3439 977 3489 istud
987 3439 1105 3503 Syrteme
1115 3438 1356 3500 Cosmogrepbicom

148 3533 156 3544 ·
271 3507 467 3571 gilioipsl‚tum
478 3509 793 3574 (immarcescibile
833 3514 949 3580 requitur
968 3515 1034 3563 euim
1060 3519 1087 3562 et
1112 3511 1212 3576 prolixe
1234 3511 1357 3561 describit

270 3584 329 3634 Sole
345 3582 425 3634 dicit:
442 3585 514 3635 ‘Nec
526 3599 582 3635 cum
593 3585 709 3638 invectus
721 3587 793 3652 equis
833 3589 939 3639 Graecus
957 3587 1067 3650 scriptor
1085 3587 1155 3635 vitre
1173 3584 1295 3646 Andreoe,
1316 3587 1356 3635 cni

271 3659 351 3708 ultum
365 3660 432 3724 petit
442 3661 545 3715 ethere,
563 3675 612 3710 nec
628 3677 685 3711 cunr
697 3662 793 3712 Proeci·
832 3663 892 3713 Seio
901 3677 1040 3727 cognomen
1051 3659 1109 3718 fnit.
1117 3657 1247 3710 rubtiuem
1257 3660 1354 3712 dietis

269 3734 351 3798 pltem
374 3735 472 3785 Oceeui
498 3735 575 3784 rubro
602 3737 664 3786 levit
691 3751 793 3801 equore
833 3738 905 3789 binii.
916 3751 973 3801 cup.
988 3741 1029 3787 28.
1045 3737 1079 3788 N.
1089 3741 1146 3788 tto.
1156 3737 1182 3786 in
1192 3735 1268 3787 Acti·
1277 3738 1355 3790 Sene·

270 3809 399 3859 currumz'
415 3816 470 3860 tum
490 3809 583 3874 Georg.
598 3825 618 3861 r.
632 3815 690 3862 iiii.
704 3813 749 3862 ubi
760 3813 793 3864 de
832 3814 934 3864 torum!
950 3815 1052 3863 Educ

269 3885 329 3948 polo
340 3885 427 3935 mundi
438 3886 554 3948 gemino:
570 3885 637 3937 ‘llic
649 3896 738 3938 vertex
750 3903 794 3940 uo·
864 3891 942 3940 ‘ceu
959 3889 1061 3953 miritis
1080 3889 1129 3956 cir]
1152 3888 1231 3954 cnjus
1251 3889 1356 3954 spiritus

269 3957 308 4009 bir
325 3973 425 4021 mmper
442 3959 576 4011 sublimis:
599 3969 627 4011 et
648 3963 717 4013 iilum
739 3963 793 4014 Sub
832 3963 969 4014 circuiris
988 3965 1013 4014 ri
1030 3978 1191 4029 smmum,
1205 3980 1263 4016 eurr
1280 3979 1356 4029 equs·

269 4031 377 4092 pedibus
394 4033 459 4097 Styx
477 4039 532 4084 atre
555 4034 633 4098 ridet,
655 4049 792 4102 mumque
832 4053 889 4090 rum
907 4041 1045 4099 elemento,
1063 4041 1149 4092 librari
1167 4041 1254 4096 medio
1270 4042 1356 4105 spatio

209 4155 212 4160 Α
269 4105 409 4164 profundi?
440 4108 513 4159 loire
526 4111 574 4160 boe
589 4111 792 4177 beurirpberinm
832 4116 949 4167 tellurem
960 4115 1036 4179 dixit,
1047 4129 1106 4180 erp.
1115 4121 1141 4166 t.

269 4176 331 4225 nibil
346 4193 402 4228 esre
424 4195 516 4245 mrgno
533 4199 619 4236 errore
636 4187 791 4239 arbitrrben·
