3016 4876
442 403 575 452 uscrro
598 402 621 454 r.
645 403 760 453 raum
785 403 969 452 ornamur.
1202 389 1245 454 51

154 546 346 629 intelligere,
369 552 405 610 et
430 565 610 628 agnoscere
624 555 762 629 vquanta
788 567 864 612 enm
886 548 1023 624 ratione,
1049 553 1108 611 aut
1131 547 1245 630 potins
1328 589 1330 594 ,

153 667 254 732 quam
270 667 347 712 cum
360 647 466 724 nulla,
482 648 537 712 vel
547 649 757 731 impresseris
772 648 941 712 inscitiam
955 648 1132 714 Pentheus
1145 667 1245 714 aecn-

154 749 290 828 ssverit,
305 755 364 814 ant
378 748 600 812 emendatoris
613 749 775 815 malitiam
786 747 1007 829 damnaverit3
1022 769 1107 832 qnos
1119 751 1162 814 ab
1176 770 1245 815 om-

154 849 200 927 ni,
213 869 282 914 non
296 849 387 914 facto
402 849 514 927 ruodo,
529 867 644 915 verum
657 852 756 915 etiam
769 850 962 932 suspicione
976 849 1089 914 dubiae
1105 851 1194 928 lidei,
1209 859 1243 916 et

153 950 247 1014 initae
268 969 331 1032 pro
343 951 451 1015 ‚nobis
474 949 635 1026 adversus
649 950 860 1016 Veronenses
878 951 1150 1032 conspirationis,
1167 971 1246 1040 cum

153 1050 219 1116 hoc
233 1051 331 1134 longe
342 1051 491 1118 abfuisse
503 1051 721 1130 demonstrat,
736 1053 848 1134 patria
867 1053 986 1116 ambos
1002 1071 1079 1116 esse
1093 1052 1243 1119 Tarvisi-

153 1171 233 1229 nos,
246 1154 367 1234 quibus
386 1155 478 1218 nulla
495 1173 573 1218 cum
594 1153 913 1218 Novocomensibns
930 1151 1016 1218 meis
1037 1153 1243 1221 consuetudo

154 1259 254 1331 esset,
270 1255 484 1319 necessitudo
496 1253 600 1333 nulla,
618 1259 673 1319 aut
687 1253 891 1338 conjunctio,
907 1253 1043 1318 omuino
1057 1254 1142 1321 inter
1157 1273 1242 1337 quos

155 1360 190 1416 er
215 1352 490 1419 Novocomenscs
511 1373 686 1420 commune
708 1353 921 1418 intercederet
938 1352 1036 1435 nihil;
1067 1359 1136 1418 tum
1156 1355 1242 1420 illud

155 1455 302 1518 maxime
324 1455 454 1532 liberat,
476 1455 566 1537 qnod
587 1454 767 1522 Vincentio
788 1454 1024 1518 Bellovacensi
1046 1456 1144 1519 annis
1169 1462 1243 1522 ants

157 1555 328 1637 antiquam
342 1555 444 1621 Plinii
458 1556 705 1639 impressionem
716 1574 820 1640 prope
833 1555 984 1620 ducentis
995 1554 1243 1638 quinquaginta,

155 1663 233 1720 ante
257 1676 389 1723 omnem
411 1657 699 1740 imprimendorum
724 1663 875 1722 notarum
895 1657 1062 1722 literarum
1082 1645 1244 1740 cognitio·

155 1776 232 1821 nem
247 1756 409 1832 ducentis,
425 1759 600 1836 scribente,
615 1757 796 1822 humanum
809 1759 976 1838 ingenium
987 1759 1243 1830 controversiam

155 1857 241 1922 hanc
257 1857 299 1920 de
314 1857 414 1922 Plinii
437 1859 547 1940 patria
567 1857 716 1922 nondum
738 1860 925 1941 parturiret,
941 1858 1038 1942 cujus
1053 1859 1243 1942 praecipuus

157 1967 275 2024 snctor
289 1959 400 2023 extitit
415 1959 618 2024 Franciseus
634 1957 814 2024 Petrarcha
829 1965 928 2024 estate
950 1960 1116 2042 posterior
1131 1960 1243 2025 Bello

156 2057 300 2125 recensi.
328 2141 331 2148 .

197 2158 349 2224 Transeo
367 2160 410 2224 ad
433 2161 593 2225 Serenum
614 2161 870 2238 Sammonicum,
887 2180 989 2243 quem
1008 2161 1242 2227 hallucinatum

155 2261 244 2324 duos
259 2260 400 2338 Plinius,
413 2262 581 2326 Seniorem
595 2269 629 2326 et
643 2261 828 2338 iuniorem,
844 2281 942 2325 unum
957 2261 1077 2325 fecisse
1093 2263 1140 2326 ait
1154 2263 1243 2327 Pan·

155 2361 370 2443 thens,atqne
380 2362 546 2433 hactenus
556 2363 746 2441 verissimc3
759 2381 826 2426 una
837 2381 914 2426 vero
924 2361 989 2426 hac
999 2361 1042 2425 de
1055 2381 1160 2427 causa
1170 2364 1244 2446 lap·

20 2475 25 2482 '
155 2481 230 2526 snm
253 2481 340 2540 esse,
355 2463 445 2544 quod
467 2482 586 2528 nomen
610 2482 652 2527 ac
670 2481 852 2545 cognomen
874 2461 1006 2544 utrique
1026 2463 1116 2528 idem
1138 2469 1242 2539 esset,

155 2565 189 2626 ni
205 2581 269 2645 ego
283 2562 391 2639 fallor,
407 2563 494 2627 falso
510 2563 666 2628 astruxit.
711 2563 796 2628 (ium
815 2563 901 2627 enim
916 2563 1065 2628 Plinium
1081 2565 1244 2647 imperari·

156 2671 189 2729 te
217 2663 363 2749 Trojano
388 2665 519 2729 vixisse
546 2685 607 2747 pro
635 2670 725 2728 certo
753 2664 899 2728 Serenus
926 2665 1064 2748 recepit,
1098 2665 1184 2730 unde
1208 2665 1244 2730 id

156 2768 288 2843 sumsit,
299 2765 365 2830 uisi
386 2783 433 2831 ex
448 2763 471 2828 J
474 2765 599 2830 unieris
622 2766 830 2846 Panegyrico
849 2765 995 2847 Trojano
1012 2767 1112 2841 dicto,
1127 2772 1185 2831 ant
1200 2785 1244 2830 ex

156 2867 381 2950 Epistolarum
405 2866 584 2942 volumine,
610 2866 646 2930 in
671 2883 816 2948 quorum
841 2867 1059 2948 inscriptione
1084 2866 1244 2932 Novoco-

156 2967 282 3032 mensis
306 2966 408 3032 luisse
432 2967 617 3047 legereturl
662 2963 790 3043 Quare,
809 2973 843 3029 et
858 2966 1003 3049 quidem,
1017 2972 1061 3031 ut
1076 2967 1243 3045 existimo,

158 3070 242 3134 satis
257 3074 383 3150 aperte,
397 3068 532 3149 colligo,
547 3075 616 3144 aut,
636 3068 666 3132 si
682 3066 857 3131 Naturalis
871 3067 1033 3132 Historiae
1050 3067 1244 3150 scriptorem

156 3169 266 3252 petria
280 3166 572 3234 Novocomensem
588 3168 692 3232 fuisse
711 3166 853 3232 Serenus
875 3167 964 3248 legit,
978 3168 1070 3231 litem
1091 3168 1244 3234 sdversa-

156 3270 225 3334 rius
248 3268 415 3344 emisisse,
430 3274 464 3331 et
484 3267 607 3332 frustra
623 3267 714 3332 huuc·
732 3268 838 3332 civem
858 3287 957 3331 suum
979 3268 1132 3332 extitisse
1153 3267 1244 3331 Pan·

158 3369 269 3434 iheum
287 3367 521 3446 contendiss03
543 3375 613 3444 ant,
628 3369 659 3433 si
672 3367 904 3434 veronensem
922 3386 999 3431 esse
1018 3368 1243 3446 intellexerat,

158 3471 247 3539 amni
266 3469 497 3553 stupidissimo
520 3470 737 3552 stupidiorem
760 3469 925 3534 Serenum.
940 3467 1061 3542 rideri,
1083 3469 1139 3550 qni
1162 3467 1245 3532 duos

158 3589 261 3635 unum
275 3570 389 3652 petius
402 3589 477 3634 esse
494 3570 649 3647 voluerit,
663 3569 744 3652 quis
757 3570 890 3634 nomine
907 3577 942 3633 et
961 3569 1152 3650 cognomine
1166 3587 1246 3633 cen,

160 3673 320 3748 venirent,
342 3689 456 3754 qnam,
480 3671 569 3754 quod
595 3672 704 3752 patria
728 3669 1016 3752 distinguerentur,
1042 3670 1084 3734 de
1108 3669 1247 3734 dirersi-

158 3778 228 3838 tate
244 3773 478 3854 argumentari.
521 3771 589 3836 Sed
610 3772 774 3837 iaciamus
792 3771 952 3838 Historia
972 3771 1076 3836 Plinii
1091 3769 1247 3834 Naturali

158 3874 276 3958 patrioe
301 3873 497 3940 mentionem
524 3870 693 3952 deluisse3
730 3891 773 3936 an
794 3892 838 3936 ne
864 3882 1094 3936 ronrmumum
1112 3870 1247 3953 quidem

159 3974 308 4039 suumin
323 3973 520 4038 Praesstioue
535 3970 706 4037 Catullum
724 3972 855 4036 Plinius
875 3973 1071 4056 appellavit,
1089 3977 1149 4034 ant
1162 3969 1248 4053 ejus·

157 4094 202 4142 ue
216 4075 295 4142 loco
311 4072 436 4158 aliquid
448 4071 539 4141 alind
555 4073 771 4139 substitutum
785 4071 928 4137 Serenus
942 4071 1050 4152 legitl
1082 4067 1161 4136 Hoc
1175 4067 1248 4135 iuu-
