3016 4876
219 367 262 432 26
518 379 712 430 rnnra'rro
735 383 790 431 ro.
812 381 1016 430 nanninus.

224 525 439 590 subtexemus
456 523 541 588 libro
559 521 687 604 priori,q
710 519 904 586 declarabit.
960 521 1070 586 Nemo
1091 543 1177 588 unns
1201 525 1310 605 attigit

222 627 419 689 nniversam.
464 623 585 700 Nemo,
611 627 646 686 ut
672 622 810 700 Noster,
839 625 1039 700 thesaurum,
1066 625 1120 688 vel
1148 627 1308 690 mundum

223 728 332 790 nerins
347 743 453 790 rerum
467 725 612 788 omnium
624 723 760 804 cognitu
771 723 952 804 dignarum,
965 725 1097 807 spirans
1116 727 1238 808 ingenii
1252 726 1309 789 sui

223 835 480 902 monumentum,
504 825 648 910 reliquit.
701 825 814 903 Quare
839 825 985 890 Plinium
1014 826 1103 891 hand
1130 829 1308 905 immerito,

223 929 287 993 etsi
302 947 391 994 novo
411 947 500 990 more
524 926 693 1011 loquendi,
717 925 878 992 ‘Naturae
892 927 1207 992 Bibliothecarinm'
1222 931 1310 994 Ian·

224 1032 315 1114 gius:
338 1031 496 1094 Heinsius
514 1030 681 1093 ‘Primum
697 1029 839 1094 omnium
855 1029 1055 1107 Secundum,
1071 1037 1106 1093 et
1125 1031 1308 1095 secundnm

224 1131 366 1207 nemini,'
387 1133 612 1216 appellarunt:
632 1133 737 1197 ceteri
752 1132 869 1196 eruditi
885 1151 970 1216 opus
985 1131 1049 1196 hoo
1064 1151 1167 1196 unum
1183 1140 1309 1196 cetero-

224 1254 328 1298 ruine
344 1234 443 1299 Latio
468 1236 673 1318 scriptorum,
695 1237 726 1300 si
745 1237 791 1300 ite
815 1252 952 1298 necesse
975 1235 1029 1304 sit,
1046 1233 1180 1316 jactura
1200 1252 1309 1297 emen·

224 1337 299 1401 dum
318 1338 587 1420 pronuntiarunt:
612 1335 768 1402 civitates
783 1337 867 1418 ipsae
882 1335 1108 1411 nobilissimae,
1121 1335 1309 1401 Brixienris

224 1438 348 1503 Joucui
368 1439 514 1504 Taberio
539 1457 625 1502 anno
653 1455 787 1501 unvnr.
838 1437 1108 1502 salmanticensis
1139 1437 1308 1516 Pintiano‚

225 1540 366 1622 aliaeque
377 1539 466 1617 aliis,
478 1538 578 1603 Plinii
589 1540 623 1602 in
634 1539 773 1623 publico
782 1537 969 1622 Gymnasio
979 1537 1218 1622 interpretandi
1233 1558 1309 1623 pro·

224 1641 369 1706 vinciam
386 1640 627 1724 imposuerunt,
641 1635 763 1706 salario
775 1642 955 1706 etiamnum
969 1640 1153 1724 largissime
1167 1659 1212 1704 ex
1226 1660 1309 1706 tera·

225 1745 275 1810 rio
289 1745 468 1827 persoluto.

269 1845 358 1908 Nam
373 1844 461 1928 qnod
481 1845 588 1909 multa
610 1864 683 1908 enm
704 1843 856 1909 attulisse
876 1844 911 1906 in
935 1842 1079 1907 medinm
1100 1841 1311 1906 criminantur

225 1946 341 2030 aliqui,
366 1965 442 2031 quae
464 1947 551 2010 falsa
573 1947 651 2023 sint,
671 1966 746 2029 quae
767 1949 951 2012 commenta
964 1945 1105 2028 sapiant,
1120 1942 1312 2024 Magorum·

226 2065 291 2129 quo
306 2048 478 2123 vanitates,
501 2047 583 2112 nihil
603 2046 637 2110 id
660 2047 776 2130 ntique
800 2047 900 2114 habet
915 2045 1016 2130 justae
1038 2045 1311 2129 reprehensionis.

227 2147 260 2211 N
263 2167 316 2212 am
333 2167 401 2230 qno
421 2167 494 2212 eum
517 2153 708 2229 argumento
721 2147 887 2212 mendacii
902 2165 1032 2229 arguas,
1047 2146 1105 2228 qni
1120 2144 1199 2208 nihil
1222 2165 1311 2210 com·

225 2250 427 2324 miomcatur,
441 2248 522 2312 nihil
543 2248 657 2314 afferat
672 2248 761 2332 qnod
780 2249 894 2314 haberi
915 2267 974 2333 pro
990 2254 1082 2312 certo
1103 2266 1143 2312 ao
1158 2247 1311 2312 confesso

225 2351 317 2431 ¹velit,
328 2352 406 2434 quin
421 2351 466 2415 sit
479 2350 562 2414 illud
577 2351 662 2416 idem
675 2371 696 2416 a
710 2352 849 2416 summis
865 2351 955 2426 viris,
971 2359 1205 2414 extraomnem
1222 2367 1312 2413 meu-

225 2453 314 2518 dacii
330 2453 553 2534 suspicionem
579 2454 709 2536 positis,
728 2473 814 2535 quos
829 2452 960 2535 quidem
976 2455 1048 2515 suis
1061 2450 1147 2514 locis
1162 2437 1316 2533 appella)

226 2555 289 2616 turi
311 2573 436 2632 sumus,
459 2555 624 2637 proditum
642 2563 718 2620 ante
732 2562 766 2620 et
780 2554 976 2638 expertum?
1002 2553 1059 2634 qui
1072 2552 1173 2616 dubia
1189 2572 1225 2615 se
1240 2554 1311 2616 suis

227 2654 364 2718 reddere
383 2655 577 2739 proiit'ectnr
591 2657 793 2734 auctoribus,
810 2675 949 2739 quorum
964 2653 1007 2718 ad
1022 2654 1120 2718 fidem
1136 2660 1310 2735 provocat,

227 2776 268 2820 ac
289 2757 432 2839 legentes
457 2756 612 2839 ablegati
639 2758 698 2839 qni
719 2757 861 2840 deniquo
881 2755 1054 2836 Magorum
1069 2760 1254 2818 commenta
1269 2773 1312 2817 eo

227 2857 369 2936 recitat,¹·
381 2859 473 2942 quod
488 2877 557 2941 prae
577 2877 614 2924 se
629 2859 692 2924 fert
705 2861 778 2943 ipse
793 2858 880 2924 hand
897 2859 1037 2921 obscure
1052 2857 1187 2940 passim,
1203 2864 1241 2919 ut
1256 2873 1313 2920 eo-

227 2960 363 3024 rundem
379 2961 486 3024 obiter
500 2966 659 3042 coarguat
670 2960 889 3026 vanitatem't'

269 3061 391 3125 Totum
414 3081 500 3144 opus
521 3080 683 3145 perquam
707 3059 873 3146 apposite,
898 3062 948 3125 nti
970 3080 1088 3137 remor,
1110 3061 1144 3124 in
1163 3061 1312 3144 quinque

228 3163 397 3227 volumina
408 3165 522 3246 partiti
533 3182 660 3241 sumus,
675 3165 762 3246 qnod
778 3171 856 3228 ante
871 3183 932 3228 nos
948 3181 1053 3228 nemo.

272 3263 400 3341 Priore,
413 3265 611 3349 reliquorum
621 3266 779 3330 librorum
790 3266 904 3344 index,
913 3265 1034 3329 deiude
1042 3269 1081 3328 rat
1093 3268 1312 3349 κοσμιγραφικὰ

228 3363 277 3428 aui
288 3370 475 3450 γεωγραφικὰ
489 3367 699 3443 continentur,
712 3368 805 3433 libris
818 3389 890 3434 sex.

176 3451 182 3464 ’
271 3467 397 3546 Altero,
411 3473 449 3531 rot
465 3469 524 3554 περὶ
541 3467 626 3548 ζώων,
647 3470 741 3536 libris
754 3473 884 3536 omnino
900 3471 1060 3556 quinque,
1077 3487 1097 3531 a
1112 3469 1255 3551 septimo
1269 3468 1313 3533 ad

228 3571 448 3635 undecimum.
476 3583 485 3596 ·

192 3688 197 3698 ’
270 3671 395 3746 Terti0,
416 3673 454 3734 roi
476 3671 537 3757 regi
552 3676 653 3752 φυιῶι,
675 3677 714 3735 τὰ
727 3671 959 3758 praecantant
977 3675 1015 3734 τὰ
1037 3674 1202 3758 κητουςικὰ,
1217 3669 1311 3734 libris

228 3777 316 3848 octo,
332 3790 352 3835 a
371 3771 569 3836 duodecimo
584 3772 803 3838 andecimum
818 3791 952 3835 nonum.

261 3921 284 3985 [ι
301 3921 332 3970 lu
352 3920 400 3968 hoo
423 3927 509 3968 nostre
525 3919 646 3970 Editione
667 3922 750 3972 locum
791 3921 868 3984 ‘qun
887 3919 934 3968 rub
953 3917 1053 3967 Nerone
1069 3917 1199 3982 Principe,
1212 3917 1279 3980 qtrod
1292 3918 1312 3967 is

228 3996 328 4044 obtinet
341 3995 388 4044 rrrtr
399 3994 475 4044 linem
487 3997 623 4060 Operum]
791 3995 857 4044 hune
874 4001 1027 4044 errori-neret
1039 4003 1129 4050 artem,
1145 3991 1225 4040 videri
1241 4002 1313 4054 pote·

262 4080 271 4104 ¹
288 4071 346 4121 Lib.
364 4084 478 4121 xxxvii.
489 4079 552 4122 rect.
570 4077 608 4123 rt.
639 4082 666 4122 ot
689 4073 750 4123 utut
791 4079 832 4119 rat
848 4071 873 4118 in
890 4071 946 4134 ipsa
957 4069 1027 4119 Urbe
1045 4069 1222 4118 anctoritatem
1239 4083 1312 4118 acoe-

232 4147 336 4210 pasrim.
791 4145 894 4212 pirrel’]

260 4225 280 4288 [¹
296 4223 327 4274 ln
340 4221 459 4273 Editiooe
471 4223 582 4274 secontia
599 4223 747 4288 subjicitur:
