3006 4874
788 512 836 560 DE

345 682 421 802 c.
483 659 1348 810 circumsecantes
1464 647 1468 654 ·

270 935 272 942 '
405 919 569 1014 FIDE
618 917 705 1006 ET
755 889 1235 1002 AUCTORITATE

612 1129 783 1242 nebulo
808 1123 1012 1204 ALTERA,

714 1317 763 1368 AB
787 1313 912 1365 EODEM

427 1505 429 1511 ·
513 1477 732 1592 Pleno
784 1471 1112 1552 c1enn1N0

630 1679 767 1732 leibulfi
781 1677 997 1730 extruente.

662 1887 964 1926 anun-p·-

266 2051 536 2152 anounnrra
554 2077 674 2150 restra,
697 2071 816 2135 Patres
831 2069 1080 2152 sapientissimi,
1096 2075 1129 2134 et
1142 2087 1278 2152 magnus
1299 2070 1354 2134 bic

270 2183 377 2242 vester
391 2176 435 2240 ad
455 2194 509 2238 me
530 2191 712 2239 concursus
725 2177 863 2255 optatus
883 2171 1002 2252 magis,
1025 2189 1125 2253 quam
1146 2177 1354 2255 expectatus,

269 2277 444 2342 lectissimi
460 2275 703 2350 adolescentes,
715 2274 810 2349 facit,
825 2276 862 2336 ut
871 2271 959 2356 quod
972 2271 1091 2355 cupide
1105 2272 1353 2356 expediveram,

270 2379 373 2444 idme
394 2378 551 2442 hodierno
570 2377 627 2440 die
649 2375 809 2440 mustiole
825 2379 935 2438 vestro
950 2374 999 2436 ita
1022 2383 1211 2439 assecutum
1232 2383 1355 2458 putem,

271 2488 308 2544 nt
322 2480 644 2563 praeteritammeam
659 2475 938 2540 concertationem
953 2475 1087 2538 minime
1110 2475 1239 2538 inanem
1254 2485 1354 2559 atque

271 2579 544 2645 contemnendam
564 2577 663 2642 vobis
685 2577 790 2640 visam
816 2593 891 2640 esse
913 2575 1086 2641 confidam.
1130 2573 1218 2654 Quas
1239 2577 1355 2642 resdi·
1493 2635 1494 2644 ,

272 2680 449 2744 cendcrum
463 2677 656 2743 difficultate
671 2676 750 2742 mibi
765 2685 856 2742 metu
871 2683 1047 2754 commoto,
1062 2677 1267 2760 ancipitique
1286 2679 1356 2741 ani·

271 2801 326 2844 mo
347 2780 535 2857 fluctuanti,
557 2780 697 2862 spiritus
717 2783 829 2842 tantos
842 2778 963 2854 attulit,
985 2785 1020 2842 ut
1039 2779 1150 2842 animo
1171 2779 1300 2859 sedate,
1321 2789 1356 2844 et

271 2883 388 2946 timore
408 2880 574 2964 deposito,
587 2879 669 2944 nihil
693 2878 860 2943 deterrear
874 2881 1070 2960 cogitatione
1088 2882 1265 2963 praesentis
1280 2898 1357 2950 con·

271 2981 453 3055 troversiae,
482 2999 543 3043 nec
573 2997 794 3052 commovear,
825 2979 914 3061 qnod
944 2981 1097 3044 omnibus
1124 2983 1177 3046 sui
1206 2983 1356 3065 partibus

271 3079 411 3163 pliorem
426 3079 651 3144 defensionem
672 3079 746 3144 baec
760 3078 839 3143 mibi
855 3079 1047 3145 difficultate
1070 3101 1224 3164 superare
1244 3085 1356 3149 ridea-

272 3186 335 3244 tur.
379 3179 419 3244 ln
434 3179 494 3244 illa
511 3181 606 3244 nobis
623 3178 755 3244 Plinius
771 3181 983 3262 eripiebatur,
998 3183 1084 3247 idem
1099 3186 1134 3247 in
1148 3183 1212 3249 bac
1227 3185 1354 3268 magnis

273 3301 314 3347 ac
329 3282 479 3366 pluribus
505 3281 636 3362 injuriis
666 3281 847 3364 appetitur.
890 3281 930 3345 lu
953 3282 1013 3347 illa
1038 3301 1168 3348 summa
1187 3305 1265 3356 curn
1285 3287 1356 3372 ejas
1430 3341 1434 3352 .

274 3383 378 3449 laude
393 3382 663 3459 contendebatur,
674 3383 708 3446 in
721 3380 785 3446 bac
800 3385 981 3447 auctoritas
996 3385 1199 3452 convellitur.
1243 3387 1283 3451 ln
1299 3387 1355 3451 illa

273 3491 397 3561 restra,
416 3484 544 3559 Patres,
567 3485 694 3567 integra
716 3484 920 3550 existimatio
942 3491 1024 3562 erat,
1046 3471 1081 3551 iu
1101 3487 1163 3551 bac
1183 3487 1299 3552 eadem
1322 3491 1357 3552 in

236 3589 241 3598 '
273 3584 461 3668 periculum
489 3603 529 3647 ac
550 3584 723 3649 discrimen
749 3591 896 3650 vocatur.
942 3585 1163 3652 Adversarius
1185 3591 1216 3652 in
1239 3609 1280 3654 ea
1294 3609 1356 3673 ege

274 3705 406 3770 paucos
428 3684 587 3750 habebam
608 3684 842 3766 Veronenses;
864 3705 994 3751 summo
1009 3707 1181 3760 consensu,
1195 3692 1356 3757 maxima-

275 3810 341 3873 que
356 3785 600 3870 conspiratione
623 3786 704 3851 mibi
723 3788 871 3871 plerique
895 3807 1010 3852 omnes
1030 3791 1226 3854 recentiores
1240 3793 1275 3855 in
1295 3791 1358 3856 hac

274 3885 500 3956 adversantur.
545 3884 586 3949 ln
598 3906 650 3963 ea,
667 3905 753 3970 quos
772 3905 923 3969 sequerer
937 3887 1043 3953 duces
1064 3889 1165 3954 habui
1182 3891 1271 3955 viros
1286 3911 1358 3974 gra·

274 3993 444 4067 vissimos,
457 3993 556 4072 atque
568 3987 759 4070 adjutores:
781 3990 814 4052 in
826 3989 890 4052 ista
901 3989 970 4052 dux
982 3989 1216 4056 idemetmiles
1227 3993 1358 4058 inermis

275 4091 464 4172 congredior
484 4108 562 4152 cum
583 4088 677 4152 hoste
693 4087 880 4152 firmissimo
900 4096 934 4152 et
956 4099 1095 4154 armate.
1139 4093 1180 4158 In
1202 4111 1243 4158 ea
1264 4092 1359 4158 deni·

277 4181 342 4275 q'ue
361 4194 447 4254 viam
462 4189 521 4254 inii
539 4196 721 4273 patentem,
734 4189 879 4267 facilem,
896 4191 1017 4268 tritam,
1032 4201 1132 4274 atque
1146 4213 1166 4258 a
1181 4195 1261 4260 viris
1273 4216 1360 4281 pree·
