3038 4880
502 397 591 448 nar·
614 397 712 449 urar.
736 400 809 448 ura.
835 402 875 448 u.
897 386 950 452 81.
1206 395 1277 460 4⁷1.

180 532 362 613 paruerint,
392 534 532 614 avulsae,
562 555 604 601 ac
633 556 693 620 pro
719 538 947 606 immanitated
973 547 1101 610 nature
1124 550 1271 630 urgentis

180 633 269 710 iliae,
283 634 448 700 solitaria.

226 749 368 832 uxnxr.
389 735 566 822 (cxxix.)
587 741 847 826 Babyloniorum
868 744 1005 827 placite,
1028 753 1141 812 motus
1164 757 1272 826 terrm,

179 835 372 921 hiatusque,
386 845 421 904 ei
434 847 543 906 cetera
558 843 677 921 omnia,
688 845 722 908 vi
733 845 878 914 siderum
890 855 900 884 ¹
917 847 1108 913 existimant
1118 849 1199 930 fieri,
1211 853 1272 916 sed

180 935 315 1002 illorum
329 940 452 1018 trium,⁸
474 943 598 1025 quihus
616 942 756 1010 fulmina
771 947 958 1027 assignant:
981 945 1050 1011 fieri
1067 954 1189 1028 autem,
1203 970 1272 1016 me·

180 1040 303 1104 antium
327 1059 405 1106 cum
422 1042 514 1122 Sole,
529 1053 590 1110 aut
605 1049 864 1128 congruentium,
878 1055 913 1112 et
927 1049 1074 1113 maxime
1090 1050 1178 1114 circa
1191 1071 1272 1133 qua·

178 1137 273 1206 drata
287 1143 425 1208 muudi·
468 1145 636 1213 Praeclara
650 1149 808 1231 quaedam
824 1168 899 1214 esse
912 1157 945 1214 et
958 1149 1154 1214 immortalis
1169 1151 1202 1214 in
1217 1171 1272 1230 co,

180 1243 212 1305 si
242 1243 430 1323 credimus,²
453 1246 611 1312 divinitas
640 1250 834 1331 perhibetur
856 1248 1106 1316 Anaximandro
1133 1250 1273 1318 Milesio

179 1342 331 1428 physico,
346 1365 443 1430 qnam
459 1348 568 1414 serunt
583 1349 848 1416 Lacedaemoniis
862 1351 1075 1433 praedixisse,
1085 1357 1121 1416 ut
1136 1353 1247 1417 urbem
1261 1357 1272 1391 ³

179 1463 221 1510 ac
236 1451 322 1512 tecta
336 1449 564 1516 custodirent:
576 1449 612 1488 Η)
637 1452 762 1516 instare
781 1453 866 1515 enim
882 1463 1009 1518 motum
1023 1459 1128 1524 terra,
1143 1473 1219 1518 curn
1238 1465 1274 1518 et

178 1546 283 1610 urbo⁴
297 1553 370 1613 tota
381 1568 491 1616 norum
507 1553 642 1630 corruit,
659 1558 692 1616 et
705 1552 851 1634 Taygeti
866 1555 989 1618 montis
1001 1573 1122 1636 magna
1133 1574 1213 1637 pars
1228 1556 1273 1622 ad

178 1647 319 1714 sormam
336 1653 464 1735 puppis
479 1655 629 1718 eminens
647 1655 801 1738 abrupta,
825 1655 956 1720 cladem
971 1656 1104 1740 insuper
1117 1676 1192 1722 eam
1207 1649 1273 1722 ruiss

178 1770 223 1815 na
236 1753 381 1834 prestita
426 1754 622 1820 Perhihetur
642 1763 676 1821 et
698 1755 884 1840 Pherecydi
899 1756 1100 1840 Pythagoroe
1116 1757 1274 1823 doctori⁶

178 1852 249 1920 alia
264 1854 480 1937 conjectatio,
504 1857 566 1922 sed
588 1863 620 1922 et
641 1857 701 1922 illa
719 1857 848 1924 diuina:
871 1860 991 1924 haustu
1007 1865 1125 1942 aqumc
1139 1867 1274 1942 eputeo

209 2053 222 2078 ⁸
242 2044 540 2110 Velqadadoareoateaar
548 2047 651 2109 dalaia
662 2046 884 2106 maiaactioaecarrr
895 2062 930 2108 eo,
947 2049 1086 2110 celqauado
1103 2063 1157 2098 cara
1176 2063 1203 2097 eo
1218 2063 1272 2096 cea-

178 2109 275 2159 aeaiarrt
286 2111 604 2174 tampectamtmm
621 2113 647 2160 ia
664 2113 788 2174 quadrato,
799 2112 841 2174 pai
851 2111 887 2176 fit
905 2125 957 2160 cata
975 2113 1068 2162 diataat
1089 2129 1104 2162 o
1123 2112 1273 2176 &borota

179 2173 269 2238 nudi,
279 2175 331 2225 titre
340 2177 392 2226 caeli
402 2183 480 2240 porte.
836 2174 847 2208 ὓ
865 2176 991 2225 coenent.

635 2301 815 2322 §novumn

177 2406 202 2450 et
220 2402 247 2450 in
264 2403 477 2465 colereteraperiea.
510 2403 592 2464 Ritus,
604 2405 691 2464 lfa-⁵
715 2401 747 2452 Iu
759 2401 848 2451 eodem
865 2400 966 2464 codice,
976 2399 1078 2459 fueruat
1084 2417 1096 2458 ,1
1112 2407 1139 2451 et
1151 2414 1218 2462 mcx,
1236 2400 1273 2450 hia

175 2473 314 2528 peram,
323 2482 346 2515 a.
357 2483 385 2515 ac
394 2483 437 2530 pro
446 2469 575 2531 pronitate,
583 2469 623 2528 irc.
656 2467 717 2516 Vct.
730 2468 842 2531 exempl.
852 2466 951 2514 Emori
964 2467 1051 2528 etiam,
1058 2466 1196 2529 proaitam
1213 2465 1273 2516 Chi·

178 2530 242 2579 aian.
253 2532 354 2580 acritate.

211 2593 277 2643 Car.
287 2607 383 2645 mxu.
406 2599 419 2643 l
433 2593 516 2645 ctrtffi.
524 2595 626 2646 riderm
634 2595 716 2644 aie-2
726 2595 848 2644 Praeclara
855 2595 960 2656 qaedam
969 2598 992 2643 et
1003 2593 1153 2652 immortalia.
1160 2594 1183 2642 ai
1193 2594 1272 2642 credi·

176 2660 284 2719 retrado.
292 2659 391 2708 omiaair
401 2662 515 2721 vocibus,
523 2661 548 2708 in
555 2674 591 2717 eo,
598 2658 674 2708 codd.
684 2659 838 2708 Delectat.
847 2668 874 2708 et
884 2669 936 2708 ret.
945 2658 1057 2720 exempl.
1066 2657 1175 2706 Eraami.
1186 2655 1215 2704 rt
1223 2671 1273 2707 erae

177 2723 301 2772 omittunt
313 2723 390 2772 etiarn
402 2724 478 2773 codd.
488 2739 530 2786 ap.
542 2725 613 2772 laet.
639 2723 702 2772 Mox
713 2737 761 2785 pro
772 2722 963 2779 Ananimadro.
974 2721 1064 2771 Dalec.
1074 2721 1272 2780 Aaoairacrrmx

177 2785 259 2836 liciat·
268 2787 380 2837 Meteor.
389 2787 434 2837 lib.
443 2791 524 2837 rr.-³
534 2789 626 2836 Dalec.
638 2801 668 2836 ae
678 2786 758 2836 arbem
768 2799 782 2835 e
794 2787 848 2836 Cic.
860 2789 893 2836 de
904 2787 991 2836 htrtn.
1002 2785 1049 2834 lib.
1061 2789 1131 2835 r.—d
1141 2784 1208 2834 ch.
1219 2785 1273 2834 Da·

176 2851 356 2901 lactarent
368 2857 418 2900 tra
428 2851 540 2901 aria-d
550 2851 581 2900 ln
594 2851 684 2900 ecdem
696 2850 800 2901 codice:
811 2853 889 2900 cludet
900 2849 1172 2912 commoueantur
1179 2863 1272 2912 appree-

176 2915 268 2967 ait.-b
276 2916 318 2966 lta
329 2914 414 2965 chiffl.
422 2916 507 2966 Pelet.
517 2915 640 2966 Salmant.
653 2915 746 2978 aliique
758 2914 836 2964 codd.
847 2913 984 2963 llardnini.
996 2913 1058 2962 item
1071 2911 1200 2961 Harduin.
1214 2917 1237 2961 l.
1247 2917 1271 2962 2.

177 2983 203 3028 ⁸.
219 2979 316 3032 Miller.
328 2980 436 3046 Bipout·
446 2988 473 3030 ct
484 2980 578 3031 Frena.
596 2980 741 3043 Pherecydis
755 2977 901 3043 Pythagora
916 2975 1090 3039 doctomhld.
1103 2975 1179 3028 dunt.
1190 2975 1272 3025 Raail.

207 3241 286 3291 terr
301 3241 460 3305 muare]
477 3241 600 3290 Pintiano
620 3243 702 3303 magia
742 3242 838 3291 unitati
855 3240 964 3303 pacique
987 3235 1112 3296 nonenim,
1135 3233 1218 3282 areeri
1241 3247 1271 3282 ac

176 3317 264 3382 piacet
282 3318 334 3380 legi
357 3317 486 3379 pronitate.
518 3316 570 3366 Sed
595 3317 702 3379 perinde
740 3316 896 3366 commoveri
913 3329 929 3362 a
944 3310 1098 3362 commercio
1109 3317 1198 3360 noetro
1210 3323 1272 3372 yen-

176 3401 224 3444 eat.
256 3395 361 3443 Ultimae
371 3399 471 3456 genter,
479 3392 703 3456 inquit,quernad-
744 3399 783 3440 tea
801 3405 845 3441 aaa
861 3389 989 3440 solitarias
1005 3401 1034 3436 ac
1052 3384 1132 3435 ferat.
1166 3385 1208 3434 De
1224 3385 1271 3434 hoc

175 3469 280 3518 modum
299 3469 428 3532 imperare
445 3467 488 3516 diu
506 3475 647 3531 nequeunt,
666 3470 701 3516 ri·
743 3474 896 3532 argumento
921 3464 979 3514 vide
1003 3465 1123 3513 Photinm
1149 3463 1175 3511 in
1201 3463 1270 3512 Btbl.

176 3545 242 3594 rium
259 3543 425 3606 deiectn,ant
436 3543 592 3608 prodentia,
608 3543 701 3594 itanec
743 3543 801 3594 cod.
812 3555 922 3594 ccxcrx.
937 3539 1036 3589 anite
1047 3538 1211 3602 Pythagora.

176 3631 279 3685 parere,
289 3633 347 3669 cum
363 3619 416 3669 aint
434 3619 529 3668 arulam
543 3619 653 3682 auchie,
665 3628 704 3669 at·
774 3619 846 3670 ¹Sed
856 3619 951 3668 illoram
961 3613 1047 3677 artua]
1059 3613 1175 3669 Saturni,
1189 3613 1273 3674 toris,

175 3709 227 3762 qne
239 3696 264 3744 in
284 3695 361 3744 alium
377 3694 465 3744 orbem
482 3695 554 3760 qnasi
572 3696 704 3760 relegatae.
744 3709 774 3746 ac
785 3697 887 3750 Martia,
897 3695 934 3743 nti
945 3692 1043 3742 dictum
1053 3697 1093 3739 eat
1105 3703 1162 3752 cap.
1173 3692 1211 3737 te.

175 3768 246 3821 Quin
258 3768 279 3819 ai
290 3769 375 3817 aditna
386 3770 476 3833 aliquia
493 3777 606 3839 pateret,
616 3779 704 3822 tamen
776 3772 788 3807 b
815 3769 981 3834 custodirent]
1002 3766 1069 3816 Vide
1088 3765 1172 3815 Notat
1192 3773 1219 3814 et
1241 3766 1273 3814 E·

176 3843 231 3895 rire
245 3843 289 3894 iila
308 3843 461 3906 immaniter,
473 3848 704 3911 peregrinitarqne,
744 3849 830 3899 mend.
843 3851 963 3898 nomio.

173 3920 229 3970 aire
248 3919 365 3984 protritae
382 3921 703 3971 natrrrueaubducereteaa
775 3931 786 3957 ⁰
812 3923 909 3972 llaaata
934 3921 1013 3984 now]
1038 3918 1096 3969 Hoc
1125 3917 1271 3966 vaticinium

176 3995 295 4059 amobit,
313 4010 344 4045 ac
361 4005 541 4046 commoveret.
575 3997 703 4047 luctriffl.
744 3995 1271 4058 Ammiauuahlarcell.lib.x1rr.p.t⁸tl.

175 4074 276 4126 eodan
289 4073 355 4138 Rea.
364 4076 390 4122 2.
399 4087 444 4136 pra
454 4073 561 4124 andater
578 4073 646 4124 haud
657 4075 702 4124 im·
743 4075 848 4124 aacribit
857 4073 1032 4136 Anaxagora,
1042 4086 1117 4136 quem
1135 4069 1213 4120 ‘dum
1225 4085 1272 4134 pu·

176 4149 303 4213 probabili
313 4147 454 4210 tentantia,
463 4155 492 4199 nt
504 4149 538 4199 ait
547 4150 704 4213 intellectuat,
743 4151 838 4200 reatem
848 4150 935 4199 limum
946 4155 1132 4208 contrectaret,
1144 4151 1269 4196 tremorea

175 4234 293 4276 auatnra
307 4225 371 4292 iper,
392 4239 449 4291 qun
466 4225 555 4278 horum
574 4233 701 4278 tractuum
743 4225 858 4278 iuturoa’
876 4227 914 4276 ait
925 4227 932 4254 ⁴
943 4223 1094 4289 praedixisse
1106 4221 1201 4274 terrra'
1218 4223 1269 4271 En·
