3006 4874
286 405 351 478 ilt
628 423 674 470 nn
698 423 730 474 c.
753 421 873 474 rnrnu
900 418 1038 471 raram

288 571 497 649 intimaverit,
518 589 595 636 eum
609 591 671 654 ego
686 571 829 636 consilio
844 589 908 636 non
931 570 1040 636 minus
1055 570 1190 653 puerili,
1205 579 1239 638 et
1254 574 1376 640 ratiun-

289 673 366 738 cula
377 691 474 755 poene
489 672 569 736 anili
583 673 625 738 de
643 673 757 738 Plinio
766 672 920 755 judicare
935 691 1106 750 censuero,
1122 693 1221 756 qnam
1232 675 1287 740 hic
1303 676 1377 759 ipse

287 774 410 857 abjecti
433 773 534 837 animi
560 793 601 838 ac
626 774 708 838 vafri
728 774 1002 855 significationem
1029 775 1165 839 rninime
1195 777 1374 840 obscuram

287 875 374 940 furto
389 875 568 940 commisso
582 875 791 958 praebuisset.
834 874 998 959 Equidem
1014 876 1181 957 privatum
1194 876 1374 953 bominem,

287 994 404 1058 genere
419 976 611 1052 obscurum,
635 976 794 1040 humilem
819 975 962 1058 ingenio,
978 975 1122 1040 consilio
1145 975 1319 1054 infirmum,
1341 984 1377 1040 et

289 1077 401 1141 animo
430 1077 565 1159 ignobili
594 1083 695 1160 atque
720 1076 876 1141 illiberali
907 1075 1094 1160 preditum,
1120 1077 1227 1140 inanis
1257 1076 1373 1158 glorim

290 1197 391 1242 causa
405 1178 527 1242 furtum
542 1183 577 1242 et
590 1177 699 1242 secere
718 1177 871 1260 potuisse
892 1177 1063 1256 existimo,
1088 1178 1123 1241 et
1143 1176 1266 1242 iecisse
1281 1178 1375 1257 scio}

286 1279 349 1342 sed
370 1280 552 1364 principem
573 1281 682 1344 vimm
704 1278 876 1356 doctrinae,
892 1279 1082 1361 probitatis,
1096 1284 1129 1342 et
1154 1278 1284 1342 consilii
1302 1277 1375 1361 opi-

287 1381 384 1444 nione
412 1378 830 1462 maximnm,1mperatori
858 1379 1066 1455 familiarem,
1095 1377 1187 1462 apud
1223 1377 1374 1461 ejusdcm

289 1480 403 1558 tilium,
422 1481 510 1565 apud
529 1481 658 1564 imperii
670 1479 911 1557 administrum,
926 1485 1005 1556 tum,
1017 1499 1093 1544 cum
1110 1479 1257 1544 maxime
1271 1479 1373 1562 longe

287 1580 418 1664 lateque
433 1583 571 1666 patebat
591 1582 776 1665 imperium,
800 1599 900 1644 unum
926 1581 1121 1664 principem,
1136 1599 1176 1644 ac
1193 1579 1375 1644 Dominum

288 1699 449 1763 agnosces
464 1681 554 1766 apud
568 1700 655 1760 enm,
670 1681 729 1764 qni
740 1697 820 1745 mox
836 1681 962 1745 futurus
976 1679 1159 1763 Imperator
1171 1685 1271 1756 esset,
1287 1680 1376 1762 opti·

288 1781 353 1845 mis
372 1783 516 1847 moribus
535 1781 810 1858 excultissimum,
827 1779 974 1844 doctrina
989 1799 1089 1864 qnam
1105 1780 1263 1862 dignitate
1284 1780 1375 1845 band

287 1881 394 1944 minus
418 1882 627 1958 eminentem,
650 1882 743 1946 libris
763 1882 1074 1964 locupletissimum,
1095 1883 1176 1945 viris
1191 1882 1279 1946 omni
1295 1881 1376 1946 doo-

189 2017 193 2024 ·
287 1982 382 2046 trinae
391 2001 511 2064 genere
521 1983 739 2047 ornatissimis
752 1983 919 2064 stipatum,
930 1981 1091 2046 tantulam
1103 1982 1168 2046 sibi
1180 1980 1371 2064 gloriolam,

288 2087 388 2163 atque
403 2082 488 2148 adeo
500 2085 673 2160 incertam,
688 2101 762 2146 cnm
778 2081 881 2145 totins
896 2081 1154 2156 existimationis
1170 2100 1242 2145 suae
1257 2083 1374 2145 certis·

287 2179 364 2247 simi
378 2181 536 2266 naufragii
552 2190 645 2248 tanto
659 2183 859 2254 discrimine,
873 2180 960 2244 surto
973 2183 1180 2246 severissime
1194 2201 1215 2245 a
1231 2201 1267 2247 se
1282 2182 1375 2247 dam·

287 2289 368 2348 nato
378 2285 589 2367 quaesivisse,
599 2285 664 2348 boc
677 2303 772 2348 mens
785 2301 860 2346 mea
874 2299 941 2344 non
957 2283 1063 2364 capit,
1078 2281 1205 2360 Patres,
1219 2281 1284 2348 boc
1299 2303 1376 2366 per·

289 2384 423 2448 suaderi
435 2403 499 2448 non
509 2403 659 2467 possum,
668 2381 757 2467 qnod
770 2380 938 2466 eiusmodi
946 2401 1019 2445 esso
1030 2383 1198 2460 existimo,
1206 2389 1244 2446 nt
1253 2385 1312 2465 qui
1325 2402 1376 2448 se·

288 2502 364 2546 oum
374 2485 447 2566 ipsa
456 2489 610 2549 accurate
619 2483 832 2565 reputaverit,
841 2501 882 2546 ac
892 2480 1041 2563 diligenti
1055 2484 1375 2549 examineexcusse-

287 2586 342 2663 rit,
356 2584 398 2649 de
420 2605 461 2650 eo
483 2583 627 2649 Plinium
647 2585 692 2648 sit
715 2601 814 2647 nemo
829 2590 1022 2665 suspectum
1042 2581 1225 2662 habiturus,
1246 2591 1375 2650 tantum

232 2685 236 2700 '
284 2685 394 2762 abest,
406 2683 699 2768 prudentissimum
710 2683 815 2748 vimm
830 2681 1020 2765 pudendum
1034 2683 1120 2748 adeo
1133 2703 1273 2749 errorem
1285 2705 1375 2752 com·

287 2786 421 2852 misisse
434 2786 481 2850 sit
494 2785 688 2862 crediturus,
702 2783 795 2867 qnod
806 2783 842 2846 in
852 2782 993 2846 bominis
1006 2786 1112 2848 omnis
1122 2787 1251 2850 consilii
1262 2787 1375 2870 inopis

287 2893 431 2952 mentem
445 2887 503 2950 rix
515 2886 631 2951 cadere
645 2904 747 2969 posse
762 2883 923 2949 videatur.
968 2883 1047 2963 Quo
1062 2887 1195 2950 nomine
1208 2885 1281 2968 jam
1296 2907 1374 2952 con-

180 3011 185 3020 ·
289 2986 446 3052 fidentius
460 2988 556 3052 venio
570 2985 614 3050 ad
628 2985 854 3050 accusationis
869 3003 988 3050 nervos
1010 2985 1189 3063 elidendos,
1204 2993 1239 3050 et
1252 2987 1375 3071 objecti

290 3088 435 3152 criminis
452 3085 627 3152 evertenda
643 3085 869 3162 fundamenta,
889 3084 1060 3167 professus
1075 3085 1284 3152 adversarios
1298 3108 1375 3154 nos-

289 3192 358 3252 tros
384 3187 513 3269 egregie
534 3185 740 3264 hallucinari,
761 3186 996 3250 existimantes
1025 3186 1128 3270 hujus
1151 3187 1374 3266 Dioscuridis,

290 3287 416 3369 dequo
436 3287 480 3350 lis
496 3294 560 3366 est,
575 3285 716 3370 patriam
732 3305 806 3352 esse
820 3291 957 3364 certam,
978 3293 1035 3350 snt
1048 3286 1198 3364 eundem,
1218 3287 1248 3351 si
1266 3290 1374 3371 patria

289 3385 591 3466 fuitAnasarbens,
616 3406 691 3453 cnm
714 3405 767 3466 eo,
791 3405 890 3470 quem
916 3385 1034 3452 Marco
1056 3386 1203 3452 Antonio
1218 3393 1256 3451 et
1277 3386 1375 3454 Cleo-

289 3479 387 3569 patra
408 3487 650 3552 dominantibus
674 3487 799 3554 Suidas
821 3487 976 3554 floruisse
1000 3487 1160 3570 prodidit,
1184 3489 1374 3568 convenire,

290 3595 349 3651 aut
360 3588 555 3671 cognomine
570 3585 716 3652 Pbooam
731 3589 900 3670 extitisse;
918 3588 971 3652 vel
986 3594 1044 3652 aut
1058 3586 1201 3666 Arrium,
1217 3587 1373 3672 adquam

289 3686 500 3754 Dioscuridis
515 3705 575 3752 sex
594 3687 671 3752 libri
685 3688 727 3752 de
743 3688 885 3754 Materia
907 3685 1046 3752 Medica
1063 3687 1178 3770 scripti
1199 3687 1372 3752 circumle-

288 3791 412 3865 runtur,
430 3805 507 3852 eum
534 3806 609 3852 esse
628 3786 723 3871 cnjus
751 3807 855 3856 causa
880 3789 1009 3853 veniam
1031 3790 1074 3853 ab
1098 3785 1254 3870 Angusto
1268 3789 1374 3872 impo-

218 3907 219 3912 ¹
288 3893 416 3954 traruut
445 3885 674 3966 Alexandrini,
701 3888 755 3953 vel
790 3887 984 3952 Erotimum
1020 3889 1207 3972 imperante
1240 3886 1373 3952 Nerone

282 3989 334 4053 ed
361 3987 632 4054 Andromachum
672 3988 714 4054 de
747 3989 889 4055 vocibus
919 3988 1143 4072 Hippocratis
1183 3987 1372 4070 scripsisse.

291 4087 364 4172 Age
392 4089 501 4172 igitur,
520 4087 691 4153 ridemus
718 4089 805 4154 nnde
844 4089 943 4152 suerit
971 4089 1041 4164 bic,
1057 4087 1277 4152 Dioscorides
1315 4105 1373 4152 ex-

290 4187 506 4256 istimationis
535 4188 697 4257 Priusne
722 4191 929 4269 obscuratur,
955 4207 999 4254 ex
1026 4207 1093 4272 quo
1122 4207 1198 4255 cnm
1221 4189 1307 4254 duos
1331 4189 1371 4256 li-
