3098 4878
293 712 368 830 C.
412 713 732 832 PLINII
792 719 1215 840 SECUNDI

374 989 762 1088 NATURAms
814 995 1157 1090 HISTORIAE

646 1251 812 1328 LIBER
852 1253 910 1328 Π.

390 1689 540 1764 Mundus,
551 1702 684 1778 quatuor
698 1688 859 1774 elementa,
875 1692 976 1757 sideru
992 1704 1022 1757 et
1036 1701 1146 1780 uque-¹

221 1849 246 1896 ι.
267 1831 328 1932 (r.)
349 1809 575 1917 Muunuu:
596 1842 630 1900 et
653 1837 716 1902 hoc
732 1835 987 1922 quodcumque²
1009 1840 1144 1904 nomine
1159 1813 1227 1903 iulio
1241 1857 1310 1903 coe·

218 1935 286 2000 lum
302 1937 473 2021 appellare
489 1945 499 1984 ³
523 1939 636 2018 libuit,
651 1938 745 2022 cujus
760 1938 978 2005 circumflexu
994 1948 1148 2024 teguntur
1158 1939 1194 1989 4¹³
1209 1958 1310 2004 cunc·

221 2043 280 2113 ta,⁵
295 2056 420 2102 numen
433 2048 526 2103 esss⁰
540 2039 631 2104 credi
647 2059 708 2124 par
721 2047 785 2116 est,
798 2048 973 2119 aeteruum,
984 2042 1194 2119 immensum,
1204 2059 1310 2123 nuque

219 2137 377 2220 genitum,
392 2159 499 2223 neque
513 2140 717 2206 interiturum
733 2160 891 2224 unquam.
936 2142 1051 2226 Hujus
1066 2151 1205 2208 extera·
1216 2141 1310 2205 inda·

219 2259 308 2322 gare,
330 2260 391 2306 nec
411 2242 547 2307 interest
570 2242 749 2320 hominum,
766 2263 827 2308 neo
841 2244 936 2328 capit
949 2244 1101 2310 humanus
1118 2243 1312 2327 conjectura

252 2397 264 2420 ¹
282 2390 343 2446 Qsoe
353 2395 409 2440 esst
419 2395 489 2442 extra
498 2392 610 2441 rusulum
617 2391 705 2456 podia.

253 2583 319 2634 css.
332 2598 351 2634 r.
386 2588 398 2631 l
418 2584 482 2634 Herc
497 2583 557 2634 libri
573 2583 708 2648 inscriptio
722 2584 833 2635 deestis
845 2581 1047 2634 edmundus.
1059 2583 1313 2645 Miluusslponeet

219 2649 313 2698 Franz.
336 2649 522 2710 Inscriptiunes
532 2649 654 2711 crpitum,
666 2664 723 2712 quse
735 2650 761 2698 in
773 2649 833 2698 edd.
844 2658 905 2699 ente
916 2649 1042 2699 llsrduin.
1053 2649 1182 2708 leguntur,
1194 2647 1311 2696 videndus

219 2713 310 2762 sintin
324 2712 398 2762 Nott.
411 2714 536 2762 Verre-2
552 2713 592 2763 Its
609 2714 723 2764 renituit
735 2715 838 2763 Brotier
849 2729 881 2762 es
892 2714 968 2764 codd.
981 2715 1064 2776 Regg.
1076 2719 1098 2762 1.
1109 2716 1134 2760 2.
1144 2717 1169 2761 ti.
1181 2719 1208 2760 et
1220 2711 1257 2759 sic
1270 2726 1312 2759 ve-

220 2784 262 2825 tus
280 2777 362 2826 codex
381 2791 423 2841 sp.
442 2777 535 2826 Dslee.
554 2777 618 2826 alius
630 2792 672 2840 sp.
684 2777 756 2838 sset,
773 2792 861 2840 mergo
876 2777 957 2840 uuugd.
970 2781 1041 2828 1518.
1052 2784 1079 2826 et
1096 2775 1150 2824 Eis.
1167 2776 1313 2838 utiusquud

220 2839 282 2890 edd.
298 2849 361 2891 vett.
372 2855 429 2889 curu
442 2842 556 2890 Gronov.
569 2841 696 2890 lierduin.
709 2847 733 2891 1.
742 2845 766 2889 2.
777 2844 800 2890 2.
817 2842 913 2892 Miller.
925 2842 1030 2904 Bipont.
1041 2849 1068 2889 et
1081 2841 1170 2888 Fraus.
1181 2853 1314 2902 quoeunque

219 2912 273 2956 ret.
284 2905 346 2957 lect.
358 2921 401 2971 sp.
413 2907 553 2956 Deles-8
566 2905 638 2955 vett.
650 2919 693 2967 sp.
704 2905 799 2955 Dulce.
809 2906 978 2968 appellari-l
987 2904 1051 2956 cod.
1062 2919 1105 2967 ep.
1115 2901 1206 2954 Dslec.
1215 2905 1313 2964 demi.

711 3032 816 3084 Nom

251 3139 264 3166 ¹
280 3132 407 3196 Mundum]
423 3131 548 3181 Mundum
569 3131 678 3195 primum
698 3145 743 3195 sp·
785 3131 794 3158 ‘
803 3132 852 3184 hoe
861 3132 984 3198 qrricquid
993 3138 1044 3196 est,
1053 3133 1094 3182 eui
1105 3131 1163 3182 eoeli
1172 3130 1312 3194 mundique

219 3211 309 3274 pellst,
321 3210 408 3261 orbem
420 3211 487 3259 huuc
497 3210 689 3272 aspectabilem,
700 3225 743 3261 es·
785 3219 878 3256 nomeu
890 3205 1037 3268 indidimus,
1048 3219 1125 3255 unum
1137 3204 1164 3254 id
1176 3213 1226 3265 est,
1234 3211 1312 3268 atque

220 3301 327 3352 rumque
351 3300 435 3335 rerum
458 3286 664 3348 universitsteus,
686 3301 743 3349 quse
785 3285 944 3335 unosmbitu
956 3297 983 3332 se
1001 3289 1147 3346 cuneisque
1165 3280 1314 3345 cuurpleeti-

221 3364 279 3414 eoeli
291 3363 388 3412 ambitu
400 3363 574 3412 continentur:
590 3360 683 3410 deiude
694 3375 744 3410 em·
786 3359 844 3422 tur,'
855 3363 905 3410 isc.

219 3441 273 3490 lum
290 3439 444 3504 quandoque
459 3438 543 3502 ipsum
558 3436 689 3486 sumundi
700 3451 745 3501 sp·
819 3436 831 3471 ¹¹
845 3434 978 3498 Tegsstsr]
990 3433 1058 3484 Vide
1069 3434 1153 3484 Notas
1164 3439 1191 3482 et
1202 3432 1312 3483 Emend.

221 3518 359 3582 pelletiune
372 3517 469 3581 puriter
479 3515 579 3566 censeri
597 3529 642 3564 nos
659 3514 747 3563 admo·
786 3525 855 3562 num.
866 3515 891 3561 2.

222 3601 284 3644 uets
312 3593 337 3643 id
360 3593 461 3642 demum
490 3591 557 3657 quud
580 3607 613 3641 ex
636 3597 747 3654 utroque
818 3583 1312 3651 εΝιιιιιειιιιει]ΗοοΡγῑΙιιιςοτεί,Ιιοο

223 3670 323 3730 existit,
339 3682 431 3718 numen
452 3683 509 3718 esse
527 3667 599 3718 credi
616 3667 681 3729 vult,
698 3671 746 3718 irc.
786 3664 866 3714 Stoici
893 3664 1045 3718 docuerunt,
1072 3668 1139 3711 teste
1168 3660 1313 3724 Euiplrsulo

223 3745 263 3794 De
282 3745 331 3794 hoc
348 3745 449 3808 gemino
464 3742 584 3794 ‘mundi’
600 3743 746 3807 significatu
787 3740 854 3791 Λᾶν.
877 3739 951 3790 fler.
971 3753 992 3788 1.
1009 3737 1070 3787 isser.
1087 3741 1112 3786 l.
1132 3752 1157 3801 p.
1175 3741 1215 3786 12.
1235 3745 1263 3786 et
1286 3737 1311 3784 in

222 3820 337 3870 dicemus
347 3821 372 3869 in
384 3819 460 3869 Notis
471 3827 498 3868 et
509 3819 746 3882 Emendatioulbus,
786 3817 947 3880 Auseephsl.
959 3831 984 3880 p.
996 3818 1051 3866 1112.
1083 3814 1149 3865 011ae
1165 3813 1257 3862 selrolae
1271 3825 1311 3858 rs·

222 3896 254 3945 ad
266 3897 361 3945 celceus
372 3895 445 3958 hujus
456 3894 514 3943 libri
523 3895 714 3958 rejectismuus.
724 3899 746 3944 l.
788 3895 852 3941 teris
866 3893 1044 3944 deliramenta.
1061 3888 1093 3938 de
1110 3886 1257 3947 divinitate,
1274 3893 1312 3934 st-

223 3972 246 4022 A
259 3973 402 4035 Pomponio
413 3971 484 4020 Meis
493 3970 592 4019 Plinius
603 3972 669 4019 luunc
680 3971 747 4018 eolo·
788 3981 837 4032 que
849 3966 995 4016 eternitate
1011 3962 1107 4019 mundi,
1124 3961 1238 4010 restitere
1256 3974 1313 4008 rer·

224 4063 287 4110 rem,
296 4048 345 4096 huc
358 4048 396 4095 sui
408 4047 494 4110 operis
504 4047 646 4108 exordium,
658 4055 686 4095 ut
698 4046 747 4095 ulis
787 4043 882 4104 bosius,
893 4055 976 4105 neque
988 4038 1093 4094 retolli,
1105 4051 1188 4102 neque
1200 4036 1312 4086 instituti

223 4125 314 4185 mults,
334 4129 466 4172 mutuatus
488 4129 542 4171 est:
560 4121 597 4170 sie
616 4122 683 4170 enirn
702 4119 746 4170 ille
787 4117 876 4167 nostrl.

224 4201 352 4264 oengus
365 4206 388 4250 t.
411 4199 519 4250 ‘Omne
539 4198 635 4262 igitur,'
654 4197 745 4263 inquit,
