3098 4878
193 1375 247 1422 IX.

192 1575 231 1623 X.

192 1677 248 1724 XI.

192 1777 265 1824 XII.

194 1877 282 1925 XIII.

196 2082 277 2129 xlv.

195 2181 261 2228 XV.

195 2279 278 2328 XVI.

196 2381 295 2430 XVII.

196 2483 313 2532 XVIII.

196 2582 284 2631 XIX.

196 2685 269 2734 XX.

197 2783 284 2834 XXI.

196 2887 300 2937 XXII.

194 2987 314 3036 XXIII.

198 3189 311 3237 XXIV.

198 3290 295 3340 XXV.

198 3391 313 3440 XXVI.

200 3491 330 3539 xxvll.

200 3592 346 3641 XXVIII·

202 3692 319 3740 XXIX.

202 3893 303 3942 XXX.

549 413 637 461 aar.
659 411 755 462 rrrsr.
779 413 850 462 ura.
873 413 897 463 r.
1209 402 1273 466 317

406 553 473 631 Qui
491 555 630 637 primum
654 554 778 620 laudati
800 554 835 618 in
856 574 1016 619 marmore
1031 556 1224 639 scalpendo,
1239 565 1273 621 et

444 656 564 738 quibus
588 656 801 739 temporibus.
846 655 1051 721 Nobilitates
1072 677 1220 740 operum,
1242 662 1274 722 et

447 757 609 820 artificum
621 757 656 820 in
672 759 900 836 marmoribus,
917 774 1059 822 ccxxv.

406 855 549 932 Quando
565 845 707 939 primum
721 876 918 923 marmorum
931 860 964 922 in
980 858 1133 924 aedificiis
1148 877 1239 923 usus.

405 956 474 1033 Qui
488 959 585 1038 primi
601 978 760 1022 marmora
774 959 947 1037 senuerint,
960 964 992 1023 et
1003 958 1146 1042 quando.

407 1056 474 1137 Qui
490 1058 616 1141 primus
632 1059 752 1123 Romae
768 1062 965 1124 crustaverit
979 1060 1136 1142 parietes.

408 1156 1274 1243 QuibnsaetatibusquaequemarmoraiuusuRomae

447 1261 604 1324 venerint.

408 1356 510 1423 Ratio
526 1360 661 1423 secandi
684 1379 853 1424 marmora.
898 1360 950 1424 De
965 1360 1074 1424 arenis
1088 1361 1209 1443 quibus
1224 1381 1275 1426 se-

446 1466 570 1525 cautor.

409 1561 461 1624 Da
476 1559 610 1625 Naxio:
634 1560 676 1625 de
692 1560 861 1625 Armenio.

410 1660 463 1724 De
480 1659 713 1726 Alexandrinis
727 1662 954 1726 marmoribus.
1289 1725 1294 1740 ,

404 1762 458 1826 De
474 1763 610 1846 onyche,
625 1763 667 1826 de
681 1764 893 1828 alabastrite:
915 1763 1035 1828 madio.
1049 1781 1094 1825 ex
1108 1763 1172 1841 bis,
1193 1781 1244 1827 vr.

405 1862 458 1926 De
470 1863 636 1946 Lygdino:
649 1864 836 1930 Corelliae:
849 1864 1074 1929 Alabandica:
1087 1863 1274 1929 Thebaico:

450 1965 601 2046 Syenite.

408 2065 462 2128 De
480 2065 647 2130 obeliscis.

408 2165 461 2228 Da
475 2185 515 2228 eo
530 2167 589 2249 qui
603 2186 664 2249 pro
681 2185 844 2248 gnomone
858 2168 893 2230 in
908 2183 1027 2248 campo
1043 2165 1176 2229 Martio.

408 2265 521 2348 Opera
535 2267 696 2331 mirabilia
708 2270 742 2331 in
757 2269 800 2330 ils
817 2267 924 2331 terris.
962 2265 1170 2349 Pyramides.

410 2365 543 2448 Sphinx
558 2367 731 2451 AEgyptia.

412 2466 550 2531 Pharos.

410 2566 610 2651 Labyrintbi.

409 2669 559 2734 Pensiles
572 2671 679 2734 borti:
705 2671 833 2753 pensile
850 2671 1022 2754 oppidum.

412 2769 465 2833 De
480 2770 603 2852 templo
618 2770 773 2854 Ephesiae
794 2771 923 2836 Dianae.

412 2868 562 2936 Aliorum
576 2873 766 2955 templorum
786 2871 1003 2935 admirabilia.

408 2972 460 3035 Da
474 2972 584 3054 lapide
598 2972 749 3054 fugitivo.
786 2971 877 3036 Eeho
904 2974 1026 3054 septies
1039 2988 1199 3034 resonans
1213 2969 1278 3053 Gy·

451 3074 526 3138 aiei.
559 3073 638 3137 Sine
652 3072 749 3138 clavo
765 3072 928 3137 aedificia:
949 3079 982 3137 et
997 3070 1124 3137 Romoe.

410 3174 530 3238 Romae
546 3193 682 3256 operum
697 3174 870 3250 miracula,
888 3187 998 3236 xvrrr.

411 3275 464 3339 De
479 3279 626 3355 magnete
641 3275 765 3356 lapide;
781 3273 899 3338 medic.
914 3291 958 3335 ex
973 3291 1027 3348 eo,
1044 3278 1095 3333 x.²

413 3375 549 3456 Scyrius
563 3375 661 3456 lapis.

414 3475 468 3540 De
482 3475 693 3557 sarcophago,
708 3472 830 3537 madia.
848 3489 887 3535 x.

417 3577 469 3640 De
485 3575 638 3652 cbemite,
652 3574 692 3636 de
712 3591 803 3657 poro.

416 3677 468 3741 De
481 3676 652 3759 lapidibus
667 3677 785 3740 osseis:
801 3673 842 3738 de
856 3673 1031 3756 palmatis:
1046 3672 1087 3736 de
1098 3669 1281 3736 Tanariise

454 3776 496 3840 de
512 3778 612 3859 nigris
626 3778 855 3840 marmoribus.

417 3877 470 3941 De
484 3877 662 3942 molaribus
680 3877 857 3959 lapidibus.
894 3874 1047 3959 Pyrites:
1070 3873 1153 3938 med.
1169 3892 1212 3936 ex
1228 3890 1279 3947 eo,

457 3993 524 4039 vrr.

646 4122 827 4145 ”munau

235 4241 250 4286 Ι
271 4237 316 4288 Vl.
334 4237 459 4287 llurduiu.
472 4241 494 4288 1.
504 4241 529 4287 2.
540 4241 564 4285 3.
582 4235 676 4285 lliller.
688 4235 793 4299 Bipout.
805 4241 832 4284 et
844 4235 932 4284 ltrana
