3098 4878
224 309 289 378 328
587 325 761 373 crunni
788 325 949 374 snounnr

225 473 317 536 haecn
341 468 484 534 infinitos
500 475 630 535 naturse
646 470 789 533 omnium
804 469 923 534 ortilici
939 470 1047 552 possit
1060 469 1236 550 adsignari,
1249 489 1315 534 non

226 571 306 636 illud
337 570 421 634 idem
445 569 485 640 in,
506 588 573 633 uno
601 557 735 636 lucilius
766 571 810 635 sit
839 571 985 652 intelligi,
1009 581 1104 635 tauto
1130 571 1315 653 praesertim
1351 615 1357 623 -

226 692 338 756 opere.
383 672 489 736 Furor
503 678 564 750 est,
579 674 727 756 prolecto
748 671 849 749 furor,
868 672 979 754 egredi
990 691 1034 736 ex
1049 691 1102 748 eo,
1116 679 1150 738 et
1160 679 1316 754 tauquam

225 776 351 838 interna
365 773 438 856 eJus
453 781 574 838 eunom
588 775 687 857 plene
695 776 765 858 jam
781 777 847 838 sint
860 783 952 851 nota,
966 776 1013 839 ite
1026 776 1166 840 scrumn
1177 780 1295 841 extero
1307 795 1316 840 z

227 875 324 960 qussi
349 893 427 940 vero
453 894 637 940 mensuram
656 875 758 940 ullius
781 876 850 940 rei⁰
873 877 982 960 possit
997 895 1105 958 agere,
1120 876 1177 960 qui
1192 878 1246 940 sni
1260 895 1318 940 ne·

227 977 332 1043 sciat:
356 984 416 1042 aot
433 995 524 1040 mens
540 976 707 1040 hominisl
728 976 881 1054 videre,¹³
903 997 980 1061 quse
994 977 1137 1042 mundus
1151 977 1226 1059 ipse
1247 995 1318 1042 non

226 1078 343 1161 capiat

233 1167 235 1172 ⁴
271 1196 312 1242 rr.
333 1178 412 1265 (11.)
433 1179 587 1244 Formam
610 1180 683 1263 ejus
707 1179 742 1242 iu
765 1178 910 1262 speciem
931 1179 1019 1243 orbis
1042 1179 1186 1242 absoluti
1204 1178 1318 1260 globa-

229 1287 314 1346 tnm¹
339 1299 424 1358 esse,
447 1299 567 1344 nornen
593 1281 743 1364 inprimis
763 1287 795 1344 et
811 1299 997 1346 consensus
1013 1281 1046 1344 in
1061 1299 1102 1345 eo
1114 1281 1318 1358 mortalium,

229 1383 341 1448 orbem
371 1381 623 1464 appellantium,
652 1383 712 1446 sed
739 1388 773 1446 et
798 1389 1147 1466 argumentaremur:
1180 1382 1319 1446 docent:

227 1503 293 1548 non
316 1483 423 1546 solum
447 1483 527 1565 quie
548 1483 625 1546 talis
648 1484 752 1564 figura
768 1485 923 1548 omnibus
938 1485 990 1548 sui
1004 1484 1156 1566 portibus
1166 1485 1272 1564 vergit
1284 1483 1321 1545 in

230 1591 331 1662 sese,l
353 1602 393 1646 ac
405 1583 470 1646 sibi
486 1583 561 1666 ipso
578 1583 748 1648 toleranda
770 1592 846 1662 est,²
869 1605 972 1668 seque
992 1585 1142 1661 includit,
1158 1589 1193 1647 et
1211 1583 1321 1647 conti-

230 1690 297 1760 net,
323 1684 486 1748 nullorum
508 1703 607 1762 egens
633 1685 878 1766 compaginum,
898 1705 959 1750 nec
982 1685 1092 1764 finem,
1117 1691 1175 1748 eut
1188 1684 1322 1748 initium

229 1785 308 1848 ullis
332 1785 385 1848 sui
409 1783 562 1866 pertibus
586 1785 754 1848 sentiens:
777 1805 838 1849 nec
855 1786 938 1870 quie
951 1786 993 1851 ad
1009 1797 1147 1862 motum,
1163 1805 1229 1869 qno
1242 1786 1323 1849 sub·

229 1884 305 1948 indo
320 1885 402 1950 verti
416 1884 546 1958 debeat,
571 1894 610 1946 ut
632 1904 712 1948 mox
737 1889 932 1968 apparebit,³
957 1887 1033 1951 talis
1053 1887 1227 1970 aptissima
1248 1895 1321 1951 est:

261 2091 273 2113 ¹
291 2081 482 2158 Argumentum
494 2083 724 2149 ipsirredespetitn.

233 2369 356 2446 petie-lt
385 2368 458 2418 ldenr
479 2369 570 2425 codex,
593 2375 635 2420 nst
655 2375 790 2419 mereantur
811 2371 899 2420 nidere.
941 2370 1025 2422 Chiill.
1051 2377 1092 2421 out
1108 2371 1212 2421 domim
1233 2373 1324 2434 possiet

234 2435 333 2546 mffiee.
346 2511 377 2546 rr.
413 2501 424 2545 l
446 2497 517 2546 verr.
529 2512 571 2560 ep.
584 2498 676 2549 llelec.
691 2497 869 2559 chiorum-2
886 2499 950 2548 Cod.
963 2499 1054 2548 Delec.
1068 2500 1115 2562 ipsi
1124 2502 1251 2549 tolerosdae
1262 2499 1326 2560 sert.

233 2565 281 2608 -ι
299 2560 330 2610 lo
342 2561 433 2612 eodem
443 2561 500 2611 cod.
512 2570 539 2612 ct
551 2564 665 2624 urergine
677 2563 759 2624 Lngd.
771 2566 843 2610 15⁴8.
857 2563 919 2613 certi
934 2579 989 2612 eros
998 2565 1127 2626 apparebit.
1159 2565 1225 2614 Hsee
1237 2565 1327 2627 verbs,

730 2740 835 2791 Nom

232 2867 343 2924 mondus
357 2873 499 2931 postremus
515 2867 628 2928 linietur,
640 2882 685 2917 sen
700 2883 760 2919 coo·
801 2869 879 2918 facile
898 2872 984 2932 potest
997 2868 1037 2916 rel
1048 2882 1082 2917 ex
1093 2881 1143 2918 nno
1154 2866 1203 2918 troc
1217 2867 1328 2930 mondo;

234 2944 357 2992 tionetur.
381 2943 459 3004 Nem,
477 2951 505 2994 ot
521 2952 595 2993 acute
612 2945 708 2994 Tollius
724 2946 759 2993 vi·
802 2951 876 2994 tento
903 2959 933 2994 sc
961 2952 1013 2992 tem
1037 2941 1182 2992 sdmirsbili
1204 2941 1329 2994 videlicet

233 3021 283 3082 dit,
294 3021 327 3070 de
338 3022 401 3070 Not.
414 3025 493 3071 Deor.
506 3037 526 3072 ι.
537 3039 562 3085 p.
570 3027 611 3074 2⁵.
619 3025 644 3072 in
655 3024 760 3074 immen-
801 3035 888 3084 opere,
899 3019 967 3083 quod
980 3019 1102 3069 universe
1112 3019 1138 3068 in
1146 3033 1174 3068 se
1186 3031 1270 3070 rerum
1283 3035 1328 3084 qe-

234 3110 288 3145 sem
307 3095 507 3158 msgnitndlnern
527 3111 554 3146 se
574 3098 689 3160 injiciens
707 3099 760 3147 eui·
800 3109 864 3145 nere
875 3093 1085 3158 comprehendit?

234 3185 290 3220 mus
300 3171 480 3227 etintendrns,
490 3173 759 3236 utlongeperrgrine-
831 3178 843 3203 ⁰
863 3171 942 3219 Ullius
957 3170 1006 3234 rei]
1035 3170 1124 3230 Forte,
1141 3170 1205 3220 iltius
1220 3171 1265 3233 rei,
1277 3171 1329 3222 troc

235 3257 287 3306 tur,
296 3249 390 3298 nollem
403 3255 489 3298 temen
501 3264 572 3298 orem
585 3250 667 3300 ultimi
679 3250 760 3307 videt,
801 3255 851 3310 est,
861 3247 937 3310 spetii
948 3247 1015 3296 illius
1028 3245 1154 3308 immensi,
1169 3246 1237 3310 qnod
1253 3257 1330 3299 extre

233 3325 259 3374 in
277 3339 329 3390 qus
349 3324 428 3388 possit
445 3323 577 3374 insistere:
595 3325 640 3376 sed
652 3326 759 3376 ulterius
802 3323 923 3374 mnodum
947 3323 999 3373 lete
1023 3319 1185 3381 diffunditur,
1207 3324 1331 3388 qnodque

234 3415 336 3465 semper
347 3401 467 3465 inquirit:
484 3400 521 3449 ite
538 3408 624 3450 temen
637 3407 666 3450 nt
679 3403 760 3465 megls
803 3399 912 3448 mrrndus
932 3399 987 3464 lpse
1006 3411 1057 3447 non
1076 3399 1158 3462 cepit,
1178 3411 1237 3448 cunr
1254 3408 1332 3450 extre

235 3476 368 3539 magisque
380 3474 534 3538 inquirendo
552 3475 681 3526 derideret
696 3493 761 3526 sem·
801 3474 921 3524 mundum
934 3474 976 3524 sit.
1002 3473 1055 3524 Sed
1067 3473 1130 3524 nilril
1142 3474 1331 3526 inrnrotsndnrn

234 3563 283 3612 per
292 3549 368 3598 finem
388 3549 499 3611 eliquern
517 3550 683 3612 rogitationis
700 3566 763 3614 sues,
801 3551 887 3600 serius
896 3549 1059 3600 arbitremur.

234 3624 261 3672 in
283 3638 333 3686 quo
360 3623 520 3686 acquiescet,
541 3633 569 3673 et
594 3625 663 3674 ultre
685 3640 761 3689 quern
835 3625 917 3675 Met
937 3639 1002 3675 mess
1014 3625 1127 3688 leminis]
1143 3625 1207 3674 Mes.
1226 3625 1294 3689 Reg.
1306 3632 1330 3677 l.

235 3703 342 3766 proselri
354 3701 434 3765 possit
446 3717 477 3752 ec
495 3703 566 3760 velit,
583 3718 631 3754 nec
646 3702 762 3754 offendet
801 3705 826 3752 2.
837 3709 864 3751 et
876 3701 950 3751 eoin.
960 3707 1002 3750 eet
1011 3701 1084 3750 miror
1091 3701 1194 3750 hmines
1200 3701 1290 3751 sidere.

235 3786 333 3828 temen.
834 3787 847 3820 ι
868 3777 952 3839 Vergit
963 3776 1060 3839 terne]
1078 3775 1136 3826 Hoc
1154 3784 1204 3840 est,
1223 3785 1253 3827 ιιι
1268 3779 1331 3828 Tul·

267 3853 458 3917 ΙΙΔιιιμιίιει]
475 3853 581 3905 Quodsi
594 3853 762 3905 infinitesllle
802 3854 851 3903 lins
868 3853 915 3915 eir,
934 3853 968 3902 de
985 3853 1047 3902 Not.
1068 3853 1147 3902 Deos.
1165 3867 1196 3904 ιι.
1213 3867 1274 3917 psg.
1288 3859 1332 3904 or.

234 3933 387 3982 mundorum
399 3945 456 3981 erm
468 3931 501 3980 ob
518 3945 571 3980 rem
592 3931 763 3994 excopimus,
802 3930 864 3994 quis
872 3928 941 3993 globi
951 3943 996 3978 eeu
1006 3929 1129 3993 splnerrs‘
1142 3936 1230 3992 purten
1241 3945 1333 3980 omnes

237 4007 305 4070 qnod
318 4022 348 4056 ee
360 4007 487 4056 infinitum
499 4005 633 4068 artificem,
647 4016 762 4058 neturern
803 4007 915 4068 nudique
935 4004 1046 4054 medinm
1064 4005 1146 4056 locnnr
1164 4015 1333 4069 capessentes

235 4085 363 4142 nimirum,
375 4083 468 4141 decet;
485 4097 516 4130 en
532 4097 584 4131 non
593 4083 636 4132 ille
648 4084 704 4144 ipse
722 4098 760 4133 er·
803 4081 921 4132 nituntur
932 4080 1080 4144 equaliter?

234 4156 311 4210 tillcis
320 4157 432 4208 inlinitur
443 4157 552 4222 intelligi
564 4158 759 4222 ecdeprelrendl
