3016 4876
466 431 661 480 rnnrsrro
683 433 735 481 ro.
760 431 966 485 ulunurnr.
1236 418 1259 481 9

212 576 253 640 Ιιι
266 582 398 641 tantum
410 581 448 640 ut
462 575 563 640 Iratio
573 574 644 660 jam
660 576 852 660 deploratus
863 580 979 656 abiret,

298 676 353 740 Ob
366 677 469 742 muita
483 676 518 740 iu
533 676 667 760 Stygias
682 678 817 742 volnera
829 679 941 746 fessus
955 699 1076 764 aquas,
1091 685 1151 747 tac.
1251 725 1259 730 ,.

213 779 361 844 Felicior
381 777 554 861 aliquanto
579 777 814 862 sigismundus
829 779 1002 860 Gelenius,
1018 785 1076 866 qui
1091 783 1258 848 unodnn·¹

166 886 268 946 tant
282 879 535 962 archetyporum
552 879 721 962 praesidio,
744 881 876 948 collatis
892 881 979 948 inter
990 904 1037 949 se
1061 886 1259 970 exemplari-
1299 927 1302 932 -

167 984 246 1060 hus,
259 999 326 1045 non
347 997 458 1063 pauca
479 980 636 1057 restituit,
653 999 729 1063 qum
746 981 930 1047 Hermolao
951 985 1123 1061 latuerant,
1139 986 1259 1051 edidit·

168 1103 235 1168 que
263 1081 519 1164 castigationum
548 1075 819 1148 volumen'haod
851 1087 1140 1166 contemnendum,
1169 1105 1258 1153 anno

170 1199 358 1249 nnxxxv.
400 1180 617 1249 vetustorum
632 1184 662 1248 is
677 1186 865 1255 auctoritati
880 1187 1031 1253 codicum
1044 1209 1084 1254 ac
1095 1188 1177 1253 fidei
1185 1193 1259 1253 tan·

169 1293 243 1351 tum
255 1284 380 1364 tribuit,
394 1289 553 1366 quantum
566 1284 736 1350 detrahere
749 1285 870 1350 iisdem
881 1288 976 1351 visus
986 1293 1038 1353 est
1047 1288 1259 1354 Hermolaus.

170 1386 242 1451 Hic
257 1387 346 1452 enim
360 1404 423 1451 sua
436 1387 559 1470 profert
572 1386 608 1449 in
621 1386 775 1465 medium,
791 1387 901 1452 ductis
923 1406 968 1453 ex
988 1389 1169 1472 multigena
1189 1389 1258 1454 lec-

170 1489 265 1552 tione
280 1485 501 1569 conjecturis:
523 1485 680 1552 Pliniana
695 1485 857 1552 Gelenius
870 1507 915 1553 ex
935 1490 1114 1555 conditivis
1129 1489 1259 1555 duobus

171 1589 267 1672 libris
282 1593 439 1653 mvucata
453 1585 559 1665 affert,
568 1606 629 1653 uec
643 1588 751 1655 multa
764 1589 825 1654 iila
839 1597 963 1669 mmen,
973 1590 1033 1656 sed
1045 1591 1129 1655 satis
1142 1593 1260 1675 proba.

213 1689 343 1755 Gelenii
358 1677 548 1756 methodum
563 1707 604 1754 ac
617 1691 777 1755 rationem
789 1691 939 1757 imitatus
951 1691 1070 1757 deinde
1081 1711 1167 1756 auno
1179 1694 1258 1756 snb-

172 1800 330 1876 sequente
346 1791 540 1870 Bhenanus,
556 1791 612 1856 cui
632 1812 820 1876 prenomen
844 1794 961 1872 Beato,
977 1795 1030 1859 vel
1050 1793 1164 1858 Bildio
1183 1793 1260 1858 fuit.

173 1894 211 1960 ls
225 1913 245 1958 e
259 1892 388 1958 mendis
402 1892 528 1976 pariter
541 1899 574 1958 et
588 1895 689 1958 ruinis
703 1903 853 1976 veterum
873 1895 1113 1979 exemplarium
1132 1911 1260 1977 germa-
1315 1907 1317 1912 '

171 2015 247 2060 nam
260 2013 372 2059 eruere
388 1993 586 2076 scripturam
601 1995 803 2077 quibusdam
816 1998 850 2061 in
866 1996 952 2064 locis
966 2003 1182 2073 conatusest,
1196 1996 1259 2061 hoo

172 2103 236 2173 est,
251 2115 367 2162 numm
383 2095 534 2178 colligere
548 2115 593 2160 ex
608 2103 771 2162 stercore·
795 2103 895 2181 atque
909 2099 945 2163 in
960 2098 1119 2163 Pliniana
1138 2097 1259 2180 prefa-

171 2197 263 2262 tione
264 2196 893 2281 ,prioribusquelihrisquatuordecim,
902 2200 1262 2283 opellamsuamquau-

172 2299 559 2382 tulsmcumquepassim
575 2298 810 2366 commodavit
931 2305 936 2318 '
1238 2337 1241 2346 ι

217 2399 448 2479 Quadriennio
468 2405 547 2483 post
568 2397 755 2482 Stephanus
771 2396 925 2482 Aqumus
938 2398 1056 2485 (vulgo
1076 2399 1167 2483 apud
1182 2419 1262 2465 snos

174 2499 229 2566 De
247 2499 389 2586 I'Aigae,
404 2498 441 2563 de
456 2496 641 2582 Renovate.)
662 2500 812 2566 Biturico
837 2499 962 2566 Galliae
986 2520 1064 2584 agro
1091 2499 1263 2579 oriundus,

171 2603 225 2668 vir
238 2604 384 2668 nobilis
374 2603 534 2687 mprimis,
553 2621 594 2668 ac
609 2603 728 2667 militia
750 2621 884 2686 quoque
907 2609 1030 2668 exacta
1048 2621 1175 2686 agrame
1192 2621 1263 2666 sor-

173 2706 284 2784 didus,
298 2705 562 2771 Commentarios
582 2705 718 2788 scripsit
734 2705 767 2769 in
790 2723 906 2770 omnes
930 2704 1034 2770 Plinii
1054 2704 1180 2769 libros:
1195 2705 1263 2768 ¹sed

172 2807 262 2873 mole
277 2808 384 2890 magis
399 2822 499 2892 quam
511 2807 696 2873 emditione
712 2807 869 2888 insignes.
913 2805 989 2871 Nec
1011 2824 1091 2870 vero
1105 2803 1263 2871 emenda·

173 2910 282 2974 tiones
294 2909 386 2974 ullas
399 2909 498 2972 hahet
499 2927 622 2992 ,quam
636 2928 720 2992 quas
737 2928 758 2974 a
773 2907 938 2973 Rhenum
951 2912 1124 2972 mutuatus
1139 2915 1211 2971 est:
1226 2915 1263 2972 et

174 3029 218 3075 en
232 3010 327 3076 lere'
316 3030 350 3075 m
365 3009 485 3094 quibus
499 3009 705 3076 salebrarum
727 3017 781 3074 est
802 3009 931 3092 aliquid
946 3016 1006 3073 ant
1027 3008 1193 3092 ambagis,
1211 3027 1265 3074 so-

173 3113 247 3178 let'
236 3131 279 3190 rs,
295 3130 358 3178 ceu
373 3111 517 3189 foueam,
532 3131 671 3177 secums
685 3109 907 3212 pretergredi.

218 3214 320 3279 Anno
345 3229 512 3278 moxnrv.
540 3213 768 3281 Ferdinandus
795 3196 938 3278 Νιιῖιιιει
964 3211 1006 3275 de
1031 3210 1194 3288 anman,
1221 3231 1266 3276 ex

174 3316 354 3400 perillustri
383 3314 631 3386 Goamauorum
658 3314 796 3393 familia,
824 3322 921 3398 patre
950 3312 1118 3377 Praefecto
1147 3315 1265 3378 aerario

176 3417 280 3500 Regis
294 3416 547 3501 Hispaniarum,
562 3416 736 3488 Pintiauus
750 3437 771 3482 a
783 3417 891 3500 patria
907 3414 1113 3481 Salmantica
1127 3414 1267 3496 scilicet,

176 3539 256 3602 quae
271 3527 307 3584 et
321 3519 435 3583 Pintia
449 3516 554 3594 dicta,
576 3518 839 3602 cognominatus,
864 3513 1166 3582 observationibus
1181 3517 1266 3593 suis,

177 3640 246 3703 qua
271 3619 358 3686 Mss.
371 3619 525 3685 codicum
549 3638 627 3702 ope,
650 3638 718 3703 qna
742 3628 893 3684 veteram
906 3622 1088 3683 ,auctorum
1110 3615 1266 3695 lectione,

176 3720 366 3785 universum
382 3719 485 3784 Plinii
499 3737 595 3802 opus,
608 3726 731 3802 praeter
744 3719 866 3784 librum
891 3725 1107 3802 postremum,
1130 3715 1268 3781 reddere

176 3822 322 3887 limatius
335 3838 510 3902 aggressus
525 3832 595 3885 est:
618 3840 659 3886 ac
675 3823 703 3887 si
719 3818 860 3905 Liparo*
876 3819 1052 3896 credimus,
1067 3823 1077 3852 ‘
1090 3836 1151 3899 per
1165 3815 1270 3881 Plinii

178 3929 356 3987 sexcentas
377 3921 523 3988 salebras
546 3928 581 3985 et
603 3923 779 3988 aestuantia
801 3922 888 3987 vada
901 3919 1061 4005 pervasit,
1081 3917 1172 3982 felici
1187 3934 1269 4001 quo-

179 4025 256 4090 dam
270 4023 393 4105 ingenii
407 4031 440 4089 et
450 4023 569 4108 judieii
590 4025 713 4088 vento!
757 4022 851 4088 Usus
865 4031 918 4088 est
933 4021 1018 4087 Mss.
1035 4019 1177 4096 duobus,
1193 4016 1268 4085 Sal·

592 4251 604 4288 ⁴¹
621 4251 704 4303 Elect.
716 4263 749 4301 ιι.
759 4256 783 4301 t.
