3006 4874
466 375 515 424 on
538 375 570 422 c.
596 375 722 428 scruto
746 375 929 428 encuuno.
1159 334 1251 432 'ten

161 518 355 588 aestimatori
374 517 428 596 sit,
454 536 554 584 unum
575 537 620 584 ox
642 537 756 586 eorum
779 539 916 588 numero
936 515 1248 605 praestantissimum

159 621 396 698 Leoniccnurn,
422 624 576 703 arguente
604 619 747 690 Nemeei
772 621 861 701 Dea,
884 625 948 690 sub
975 625 1072 690 tinem
1092 626 1169 692 libri
1194 629 1249 692 sui
1337 706 1340 714 Δ

159 728 329 802 testatum,
346 723 426 792 lites
448 721 525 791 illas
550 740 632 788 suas
657 721 764 792 birote
787 727 890 792 animi
906 726 1009 811 (quod
1032 725 1131 794 facile
1150 728 1248 794 lide'm

159 823 260 910 facit)
289 843 327 895 se
352 825 549 893 susoitesse.
604 822 694 890 Nem
723 827 790 890 nisi
812 826 853 891 G.
875 827 1020 893 Plinium
1044 829 1247 913 lippitudine

160 929 346 1006 laborasse,
362 933 403 996 ut
412 927 570 1016 pleraque
590 928 668 1006 alia,
683 930 894 1007 mentiantur,
911 930 964 995 rel
978 950 1072 996 caeco
1093 931 1131 996 lit
1145 934 1250 998 mani·

158 1028 291 1108 festum,
306 1029 400 1094 illum
414 1046 481 1092 non
495 1029 600 1112 paulo
615 1029 841 1113 tranquillius,
852 1037 951 1114 atque
965 1033 1043 1116 exin
1057 1032 1247 1116 diligentius

160 1131 313 1214 stirpium
340 1131 532 1195 lineamenta
560 1129 766 1214 despexisse,
795 1149 941 1215 moxque
962 1131 1093 1197 fidelius
1114 1135 1249 1197 nomina

160 1231 361 1315 prodidisse,
376 1231 557 1316 adjuvante
572 1231 608 1295 in
622 1249 663 1296 ea
678 1250 783 1314 opera
797 1230 943 1299 Antonio
962 1219 1113 1312 Castore,
1129 1235 1199 1299 viro
1214 1236 1248 1298 in

160 1353 201 1398 eo
218 1331 409 1417 prudentiae·
423 1351 542 1414 genere
558 1351 699 1410 summo,
714 1350 813 1415 quam
828 1330 1056 1398 Anazarbeum
1073 1335 1175 1400 istum
1189 1354 1248 1402 vn·

161 1455 249 1519 gum,
265 1433 442 1512 turbidum,
452 1441 634 1501 merentem
649 1433 811 1502 hincinde
825 1433 1001 1518 stipendia,
1011 1439 1072 1506 &c-

204 1536 396 1621 Iterumque
411 1541 489 1619 post
508 1553 640 1618 pauca:

204 1637 279 1703 Nec
305 1638 427 1702 desunt
455 1637 513 1720 qui
536 1633 797 1701 Grammaticum
818 1634 974 1714 vocitent,
995 1635 1158 1705 rhetorem
1179 1635 1248 1715 ulii,

160 1739 196 1808 hi
214 1739 425 1808 historicum:
443 1738 574 1804 ¹ornuiu
606 1756 673 1812 non
705 1737 790 1804 citro
819 1738 1030 1822 imperitiam,
1063 1738 1169 1808 multo
1205 1739 1248 1804 li·

160 1860 251 1920 vore,
272 1840 397 1926 majore
419 1839 638 1926 impudentia,
667 1846 713 1919 et,
743 1839 835 1934 quod
861 1841 992 1921 mirere,
1023 1849 1144 1911 cuncta
1163 1853 1247 1912 rere.

162 1942 252 2013 Nam
278 1949 311 2008 et
324 1943 360 2015 iu
374 1941 679 2012 Grammatioelex
694 1942 782 2025 ipra,
802 1943 949 2010 oratioue
962 1943 1188 2014 inimitabiliee
1212 1944 1248 2012 iu
1276 1965 1278 1968 ·

162 2045 340 2116 omnifarie
367 2044 507 2114 historia
527 2042 609 2112 rude
641 2044 803 2112 donatae·
841 2043 895 2113 Ile
920 2043 1170 2118 Mathematicis
1193 2065 1249 2116 ve·

160 2165 200 2214 ro
217 2145 381 2231 judicium
403 2166 448 2213 an
469 2145 645 2230 quisquam
668 2145 700 2210 ei
730 2145 802 2211 viro
827 2145 1016 2228 denegabit,
1046 2154 1115 2214 tam
1141 2149 1249 2217 multa

160 2245 1140 2333 srdnuquetambrevibuscompmbeudentil...lumquiris
1150 2247 1249 2318 ruodo

159 2351 429 2422 nonmedicellue
443 2368 507 2419 non
516 2348 692 2417 cheorlerit
705 2349 859 2434 stirpium
870 2349 1098 2431 cognitionem
1113 2368 1249 2420 accum-

160 2457 240 2532 tam,
251 2471 391 2538 querum
400 2451 536 2541 figuram
551 2457 645 2518 tanto
656 2449 738 2531 otio,
748 2457 818 2520 tarn
830 2469 905 2520 rare
915 2451 1163 2536 tranquillitate,
1176 2458 1249 2520 tan·

160 2557 195 2624 to
209 2553 401 2639 subjudice
412 2553 524 2624 rimari
538 2550 694 2622 licueritt
738 2551 866 2636 Magna
879 2554 935 2622 hio
945 2553 1119 2622 medicine
1132 2554 1250 2622 lunda·

160 2663 287 2724 mentu-
339 2654 493 2722 ceterum
521 2671 598 2738 quae
628 2652 672 2721 ed
700 2651 853 2737 ejusdem
881 2653 1110 2736 perfectiorem
1137 2673 1249 2724 numm

159 2757 298 2836 iaciunt,
312 2757 342 2822 si
364 2775 434 2824 non
448 2753 647 2827 intolerabili
661 2755 888 2836 aegrotantium
902 2755 1037 2840 poedore
1052 2777 1160 2842 usque
1173 2777 1251 2844 per·

160 2858 298 2929 serendo
308 2857 481 2936 addidicit,
491 2865 562 2929 ate
580 2856 842 2940 probatioribus,
864 2859 1125 2944 certioribusque
1147 2859 1251 2928 medi.
1364 2899 1365 2902 η

161 2981 274 3032 muru
290 2966 434 3032 veterum
461 2958 683 3030 monumentis
701 2957 883 3042 excerpsit,
898 2957 1021 3028 additis
1044 2961 1193 3046 iusuper,
1219 2959 1250 3028 si

162 3083 239 3148 qun
253 3063 530 3150 pontenurobata
543 3059 902 3144 sciretexperimeutie,
915 3077 1039 3129 nonen
1053 3061 1157 3132 etium
1170 3081 1249 3130 cen-

161 3163 250 3238 ‹lore
265 3164 525 3236 commendetur.
567 3163 623 3246 De
637 3162 804 3234 mendica
823 3163 879 3232 bic
899 3163 1127 3234 Romnum
1146 3166 1250 3246 solus.

162 3265 216 3333 De
230 3267 429 3351 agricultura
443 3265 560 3331 nescio
572 3264 655 3350 quid
665 3266 781 3331 mirere
791 3265 911 3350 megin,
919 3264 1006 3331 adeo
1019 3266 1056 3330 in
1069 3273 1165 3333 tantu
1179 3269 1251 3336 bre-

160 3370 266 3438 vitate
278 3368 359 3440 nibil
374 3369 546 3438 omissum.
588 3367 693 3440 Porro
703 3367 739 3432 iu
750 3366 1030 3451 cosmographia,
1042 3369 1250 3447 animalibus,

161 3491 270 3542 rerum
289 3471 469 3549 miraculis,
483 3475 523 3539 ut
542 3469 622 3539 nibli
642 3469 803 3549 ornatius,
825 3469 1033 3548 luculentius,
1045 3471 1188 3548 meum,
1203 3471 1252 3538 itu
1300 3517 1303 3523 -

162 3583 196 3641 ot
207 3573 307 3644 venia
320 3573 516 3656 dignissima
537 3579 627 3650 sunt,
640 3572 671 3640 si
684 3591 761 3656 quae
775 3590 820 3642 cx
834 3571 975 3656 hujusce
989 3574 1107 3640 nemus
1116 3573 1251 3656 nauga-

162 3677 288 3748 tionnnn
303 3674 685 3746 comminutionem
699 3676 734 3744 in
748 3675 792 3743 ils
807 3674 942 3761 prodite
955 3675 1252 3764 deprehendentur.

164 3778 245 3858 Qua
256 3775 532 3846 intenibisane
544 3775 787 3864 ddemejusre
799 3782 925 3848 eertum
937 3773 1098 3847 estinan
1109 3797 1169 3842 cur
1182 3795 1251 3844 cre·

92 3935 99 3950 .
162 3877 337 3948 dulitutcru
349 3894 460 3948 meam
474 3879 811 3955 omuinxeem‘oun
826 3899 921 3948 sumi
936 3879 996 3948 ills
1007 3877 1171 3948 dedendo
1185 3897 1253 3946 uon

163 3981 375 4072 obstunpetr
397 3979 631 4068 cnmddemin
645 3982 956 4064 auctoresreleqet‘l
979 3981 1147 4063 mumque
1161 3979 1253 4049 velut

162 4077 284 4154 enam
302 4093 398 4152 susm
411 4083 599 4167 impinguet
645 4082 896 4176 insunuans
911 4087 963 4152 ost
983 4081 1045 4150 riri
1059 4081 1252 4154 auctoritas.

163 4187 202 4254 ut
224 4206 246 4254 a
265 4185 472 4272 doctioribus
497 4182 636 4252 concuti
656 4185 813 4269 potuerit,
836 4182 982 4254 convelli
1002 4191 1189 4270 nuqquemt
1210 4193 1252 4250 eu

162 4288 337 4374 majestas,
352 4293 503 4374 utquam
527 4284 796 4352 decentissimum
816 4285 911 4364 soret,
925 4304 992 4351 non
1007 4283 1091 4350 citra
1105 4285 1251 4352 acerbis·
