3056 4878
482 371 568 420 nsr.
593 371 689 423 nrsr.
713 359 927 423 11111164.
1181 361 1248 429 449

157 515 231 578 lus!
275 515 311 578 Si
326 513 385 577 ulli
400 515 514 578 esseut
527 513 635 590 inferi,
643 513 715 596 jum
728 513 878 596 proiecto
887 514 964 580 illos
979 513 1130 582 avarities
1145 524 1245 602 utque

159 617 300 680 luxuriae
331 616 479 680 cuniculi
508 616 719 680 refudissent.
764 617 806 681 Et
827 617 982 683 miremur
1007 619 1036 680 si
1063 617 1179 683 eudem
1201 621 1246 686 ud

159 736 283 782 noxam
297 718 412 800 genuit
426 717 558 800 alique!
589 717 683 782 Fere
697 718 798 796 euim,
811 717 923 797 credo,
935 719 1130 783 custodiunt
1142 721 1247 800 illam,

160 827 339 902 arcentque
356 821 537 900 sacrilegus
555 836 683 884 munus.
728 817 762 882 N
764 838 808 882 ou
829 819 948 882 inter¹³
973 825 1142 902 serpentes
1160 821 1249 886 fodi-

160 939 248 998 mus,
263 926 297 984 et
311 939 414 984 venus
430 921 502 984 euri
516 926 696 984 tractemus
712 937 787 982 cum
803 921 921 983 veneni
938 919 1149 985 radicibus'ts
1167 922 1248 988 Plu·

163 1021 285 1084 cetiore
316 1030 427 1086 tumen
453 1022 528 1085 Dee
551 1022 595 1084 ob
620 1019 700 1098 boc,
714 1026 741 1067 ¹⁴
760 1021 849 1103 quod
872 1040 988 1084 omnes
1014 1021 1049 1083 bi
1070 1024 1249 1106 opulentius

162 1122 276 1186 exitus
302 1121 344 1185 ad
371 1122 508 1199 scelere,
530 1122 720 1203 caedesque,
741 1128 775 1184 et
791 1121 881 1186 bellu
901 1122 1057 1187 tendunt:
1081 1141 1247 1208 quemque

164 1222 324 1304 sunguine
338 1229 455 1286 nostro
467 1223 651 1304 irrigemus,
660 1222 979 1304 insepultisossibos
990 1225 1140 1305 tegimus.
1164 1223 1250 1304 Qui-

163 1324 229 1387 bus
243 1330 365 1397 temen,
380 1323 472 1387 velut
494 1324 698 1405 exprobrato
713 1322 832 1398 furore,
847 1322 977 1387 undem
991 1325 1069 1406 ipsu
1092 1345 1129 1388 se
1145 1329 1249 1393 obdu·

165 1424 222 1501 cit,
238 1431 270 1487 et
284 1425 409 1489 scelere
428 1443 564 1507 quoque
584 1423 773 1488 mortalium
794 1423 968 1488 occultutl'
1011 1424 1098 1488 luter
1112 1427 1250 1493 crimino

164 1525 279 1606 ingrati
294 1524 395 1588 animi
419 1530 454 1589 et
476 1524 538 1589 boo
557 1524 720 1600 duxerim,
741 1523 833 1606 qnod
856 1529 1004 1588 naturam
1029 1524 1103 1608 ejus
1123 1527 1251 1610 ignore-

165 1645 252 1691 mus.

211 1744 317 1792 uxrv.
338 1725 480 1811 (nxrv.)
511 1727 572 1792 Est
594 1732 704 1792 eutem
723 1729 828 1819 figure
842 1729 960 1812 primu,
976 1730 1016 1794 de
1030 1750 1099 1814 que
1112 1749 1250 1797 consen·

166 1847 225 1892 sus
250 1829 388 1912 judicet.
432 1827 577 1892 Orbem·
607 1837 694 1894 certe
723 1829 864 1895 dicimus
892 1839 998 1909 terres,
1026 1831 1249 1916 globumque*

166 1931 346 1994 verticibus
360 1931 486 1996 includi
499 1930 666 1994 fatemur-⁶
710 1931 830 2013 Neque
844 1932 928 1994 eninr
941 1933 1086 1998 absoluti
1098 1934 1188 1998 orbis
1199 1940 1252 1999 est

165 2031 284 2108 formu,
298 2032 333 2094 in
349 2039 444 2096 tantu
467 2031 628 2095 montium
644 2030 852 2108 excelsitate,
868 2039 959 2096 tenta
972 2052 1166 2117 camporum
1180 2037 1252 2120 pla-

166 2133 266 2198 nitie:
283 2131 340 2196 sed
356 2132 451 2214 cujus
466 2133 655 2215 amplexus,
670 2134 699 2197 si
714 2134 823 2214 capitu
838 2132 1017 2196 lineorum²
1039 2137 1252 2217 comprehen-

167 2235 289 2299 dentur
313 2233 451 2310 ambitu,
474 2234 611 2316 figurem
636 2235 785 2299 absoluti
809 2235 899 2297 orbis
927 2233 1088 2300 efficistr‘
1108 2236 1143 2299 id
1161 2240 1252 2321 quod

168 2337 244 2418 ipsu
258 2355 366 2401 rerum
381 2343 508 2399 naturae
523 2336 614 2418 cogit
628 2337 727 2414 ratio,
740 2356 805 2400 uon
820 2336 945 2400 eisdem
961 2337 1085 2414 causis,
1104 2358 1189 2420 quas
1203 2345 1252 2404 ut·

197 2521 213 2563 s
229 2525 692 2590 Cmncemrutisberbirmcsrntieilue.

202 2593 214 2618 ¹
232 2589 262 2636 In
279 2589 493 2649 gubernamine
504 2591 617 2639 montium
627 2591 715 2638 incluti
725 2590 840 2651 fatemur.

202 2648 213 2682 ⁶
229 2652 258 2700 Si
264 2665 307 2713 per
318 2656 480 2703 extremitates
488 2654 600 2702 tinemut
610 2656 733 2703 ducturum
746 2670 762 2701 u
773 2659 851 2702 centro
862 2659 933 2701 terre
944 2656 976 2702 cd
991 2668 1090 2702 mmmm
1099 2663 1255 2714 qmrqrreeer·

169 2714 227 2763 tices
244 2717 357 2765 mentum
366 2718 466 2766 circulus
480 2718 600 2780 algetur,
617 2721 657 2778 qut
673 2723 767 2766 cunctor
786 2717 964 2778 comprehendet
978 2717 1076 2772 annue,
1095 2717 1135 2766 itte
1158 2716 1256 2764 circum·

169 2779 366 2843 ntemfiffrrronr
375 2781 459 2845 efficiet
469 2780 568 2830 uelut
579 2781 650 2830 ertio

174 3059 235 3102 cet:
258 3055 400 3118 eleganter.
433 3055 499 3105 Vide
515 3053 560 3105 lib.
571 3067 678 3105 xxxrn.
694 3067 754 3118 esp.
770 3053 802 3104 6!
821 3051 1004 3102 Hercule-lt
1022 3052 1074 3102 Nor
1092 3051 1157 3102 tuter
1172 3049 1256 3100 Tolet.

174 3119 240 3167 Nom
250 3119 313 3168 inter
323 3120 446 3168 Selmnnt.
481 3121 564 3169 Nonne
580 3121 644 3169 inter
657 3119 717 3169 edd.
729 3128 792 3167 vett.
804 3127 864 3166 unte
876 3117 1002 3167 Hurrlnin.
1036 3118 1090 3164 Nor
1101 3119 1163 3164 ister
1179 3114 1256 3163 corld.

176 3181 321 3243 Hrrduiui3
339 3184 402 3230 item
413 3181 473 3231 edd.
487 3183 611 3233 Hurduiu.
625 3188 648 3231 l.
659 3187 683 3232 2.
696 3187 721 3232 8.
737 3183 833 3231 Miller.
846 3182 953 3243 Bipuut.
965 3188 993 3229 et
1005 3181 1092 3228 ane.
1125 3179 1256 3253 Moxuret.

174 3261 219 3307 op.
233 3247 322 3295 Delec-
332 3246 427 3294 cereris
438 3247 587 3303 traducitur
612 3246 665 3310 elii,
681 3247 775 3295 neumis
787 3245 898 3304 truciter,
908 3245 1033 3306 prebente
1047 3243 1259 3304 Deleeempro.-

175 3313 207 3358 ll
218 3310 342 3359 Qoaeduru
354 3309 414 3357 edd.
427 3310 507 3373 entiq.
520 3310 654 3359 Puerum
665 3316 742 3358 temen
752 3309 805 3357 Deo
814 3309 919 3366 utinum·
932 3306 991 3356 Ald.
1002 3305 1019 3357 J
1023 3311 1076 3354 unt.
1087 3304 1166 3353 Buril.
1176 3302 1258 3361 Lnrd.

176 3373 284 3430 Brenni,
302 3371 409 3422 Franks.
426 3375 506 3436 ueyd.
521 3373 610 3423 Delec.
629 3370 711 3436 Lugd.
729 3377 802 3421 1606.
819 3372 872 3421 Ele.
883 3378 910 3420 et
927 3371 1040 3419 Gronov.
1054 3369 1085 3417 Ρ.
1097 3374 1116 3416 1.
1133 3369 1166 3416 1).
1178 3367 1205 3415 ub
1216 3367 1258 3414 boc

175 3438 273 3486 uterer.
307 3438 468 3486 Postremum
487 3437 592 3486 verboru
612 3437 773 3486 desideretur
789 3435 816 3484 iu
832 3434 907 3483 codd.
922 3435 1009 3482 Tolet.
1019 3433 1142 3482 Sulmnut.
1153 3438 1181 3480 et
1192 3431 1259 3480 Her·

176 3501 265 3560 duiui3
282 3502 344 3549 item
357 3502 381 3550 in
393 3501 453 3550 edd.
467 3501 593 3550 Herduin.
606 3505 628 3550 1.
640 3505 664 3549 Β.
676 3504 701 3548 l.
712 3501 807 3548 Miller.
819 3499 923 3561 Bipont.
933 3507 960 3547 et
971 3499 1062 3546 Frenr.

210 3565 275 3613 Cer.
288 3577 360 3615 cxlv.
380 3569 392 3615 1
405 3565 487 3616 codd.
500 3566 591 3616 Dulce.
610 3572 638 3615 et
652 3562 735 3615 cniffl.
754 3570 825 3614 terre
840 3564 945 3625 gutum,
959 3565 1081 3625 quem-2
1099 3559 1157 3608 Vel.
1170 3555 1260 3609 neree.

668 3703 775 3760 NOTAE

179 3825 328 3882 stlitem
339 3836 382 3882 qne
391 3823 496 3884 petum
518 3825 582 3887 Reg.
591 3829 613 3873 l.
622 3827 648 3873 2.
668 3824 701 3872 vt
741 3837 771 3872 er
782 3823 853 3885 pulos
864 3820 1050 3884 complanatum
1064 3814 1209 3866 Astronurui
1218 3809 1261 3862 bo·

179 3894 257 3957 digitu
276 3901 383 3958 gestetur
402 3909 501 3958 gernere.
521 3900 619 3960 petitur,
634 3905 702 3946 terre
741 3896 938 3959 rlteupiurutur.
955 3895 1021 3944 Vide
1032 3892 1172 3941 Historiam
1181 3889 1262 3940 Aerd·

179 3971 297 4020 scilicet:
315 3973 457 4034 eleganter.
472 3972 532 4023 vid.
542 3976 678 4024 runco
742 3971 805 4034 Reg.
816 3972 913 4021 Sciunt.
924 3970 982 4019 euni
996 3973 1066 4018 1701.
1079 3979 1104 4030 p.
1122 3971 1162 4015 96.
1174 3975 1200 4013 et
1212 3967 1262 4014 dis·

213 4047 542 4110 recreem...oeeeru]
558 4048 703 4110 eutrope-
742 4047 906 4096 sertuttonern
930 4045 966 4094 D.
988 4042 1096 4104 (luscini,
1122 4039 1156 4088 de
1182 4039 1263 4102 ligure

182 4121 249 4170 riene
261 4123 392 4180 cederem,
405 4131 434 4173 ut
443 4131 532 4174 meter.
742 4123 837 4186 Terre,
849 4133 915 4171 euno
928 4123 999 4168 itit·
1010 4135 1035 4184 p.
1049 4117 1112 4168 18⁸!
1129 4115 1175 4165 se.
1187 4129 1230 4165 ree.

216 4204 226 4229 ⁸
243 4205 250 4226 ⁴
262 4198 359 4261 Orbem]
375 4199 462 4250 Terrae
475 4200 575 4263 globum
588 4214 643 4250 esse
655 4198 704 4248 cir·

248 4278 335 4343 Delplr.
345 4285 368 4330 et
378 4279 436 4332 Ver.
449 4282 512 4332 Cloe.
674 4277 778 4328 Ptiuinr.
1147 4273 1200 4322 21³
