3006 4874
432 345 569 397 onorio
593 347 632 396 rr.
658 349 771 398 ruunt
795 349 980 400 cruentur.
1186 333 1245 402 111

165 491 224 576 plo
240 509 304 558 sno
318 490 504 558 admonitus
519 492 689 558 instituere
706 493 828 572 vellet3
842 495 967 576 quique
981 493 1035 558 sni
1046 513 1123 576 erga
1134 495 1251 560 Durni-

165 594 290 658 tiannm
306 594 428 658 amoris
443 611 517 658 eam
535 594 810 676 significationem
834 595 989 678 praebuit,
1014 614 1081 679 qua
1095 596 1251 680 majorem

168 717 188 761 e
210 701 305 780 patre
328 694 418 758 tilius
440 696 760 779 obsequentissimus
783 681 961 780 expectere
982 717 1049 762 non
1071 700 1250 781 potuisset,

166 804 206 862 ut
219 797 339 862 certior
353 796 546 861 insidiarum
562 797 627 863 sibi
639 797 701 862 soli
717 797 788 880 jam
801 797 981 880 imperante
993 799 1041 875 ,ab
1056 818 1099 863 eo
1112 801 1251 864 intenta·

166 905 274 963 terum
290 899 413 972 sactus,
429 916 504 962 cnm
519 897 655 981 perdere
670 899 797 980 posset,
812 918 880 962 non
900 899 1009 962 solum
1022 900 1173 979 noluerit,
1192 901 1251 964 sed

166 1000 324 1082 lucrymis
339 999 441 1062 etium
465 1017 505 1062 ac
524 999 679 1080 precihus
699 1017 762 1061 non
786 999 889 1062 semel
912 1001 1147 1078 obsecraverit,
1162 1001 1252 1066 malo

167 1119 245 1181 erge
257 1118 296 1162 se
308 1098 418 1162 auimo
432 1117 507 1162 esse
517 1103 554 1163 nt
564 1097 693 1162 tandem
706 1097 880 1177 desineret,
898 1119 939 1164 ac
948 1112 1068 1166 mutuo
1080 1102 1114 1165 in
1130 1121 1253 1178 amore,

167 1200 332 1268 Suetonio
355 1207 389 1263 at
411 1197 571 1281 Eutropio
594 1198 748 1274 testibus,
772 1202 994 1282 responderet.
1051 1201 1153 1280 Quod
1173 1223 1254 1266 enn-

167 1301 242 1368 dem
272 1319 350 1364 vero
375 1297 600 1366 Domitianum
625 1299 711 1368 inter
736 1298 882 1364 illustres
904 1302 1022 1384 po'etus
1047 1304 1254 1386 antiquorum
1355 1315 1360 1326 “

167 1401 316 1468 nonnulli
331 1399 508 1476 retulerint,
522 1399 603 1482 qnid
619 1401 735 1464 attinet
755 1400 890 1466 dicerni
932 1400 988 1467 An
1002 1411 1159 1487 qnantum
1171 1405 1254 1468 doc·

168 1505 262 1568 rrinae
276 1503 419 1585 quisque
430 1501 529 1565 luerit
537 1499 746 1579 consecutus,
754 1502 945 1568 tantundem
955 1507 997 1574 ab
1005 1505 1113 1572 altero
1125 1504 1254 1570 detrec·
1270 1537 1275 1548 ·

169 1609 236 1668 tum
259 1604 307 1667 ire
330 1620 471 1665 necesse
494 1608 554 1678 cst,
576 1621 640 1690 nec
665 1603 774 1685 plores
795 1609 936 1685 possunt
956 1605 1073 1670 eadem
1088 1607 1255 1671 excellere

169 1702 374 1768 eruditionei
418 1700 474 1766 An
489 1703 567 1786 qnia
589 1702 829 1767 Demosthenes
851 1711 959 1768 orator
978 1705 1146 1772 maximus
1162 1707 1256 1770 habi·

170 1813 224 1870 tus
240 1809 303 1880 est,
318 1803 489 1869 Ciceronis
505 1803 703 1886 eloquentia
722 1805 885 1887 principis
899 1805 1059 1871 laudibus
1073 1808 1255 1871 obscurita-

171 1915 237 1970 tem
260 1905 382 1984 attulit,
407 1923 448 1969 ec
468 1923 587 1968 numen
606 1902 795 1986 depressit'l
839 1903 909 1970 Aut
923 1925 1000 1970 cnm
1015 1906 1115 1971 toties
1129 1925 1257 1972 summa

171 2026 247 2072 cnm
261 2006 362 2088 gloria
380 2005 524 2088 Magnus
545 2005 728 2088 Pompeius
750 2004 791 2068 de
813 2004 907 2069 hoste
923 2007 1095 2071 victorium
1110 2014 1257 2090 reporta*

171 2108 230 2186 vit,
244 2127 285 2172 uc
301 2106 476 2190 splendide
491 2106 716 2188 triumphavit,
727 2106 855 2172 Caesari
868 2107 910 2170 ad
928 2107 1067 2190 gloriam
1082 2110 1257 2172 militarum

170 2229 211 2276 ac
235 2229 286 2272 res
306 2208 471 2272 maximas
494 2205 655 2286 gerendas
676 2204 926 2287 triumphosque
945 2197 1180 2288 promerendds
1195 2207 1259 2273 iter

170 2308 368 2392 praeclnsiti
413 2303 527 2368 Fuerit
550 2305 649 2386 igitur
669 2323 728 2388 per
751 2323 803 2366 me
826 2304 926 2388 poeta
947 2305 1028 2370 licet
1050 2307 1258 2389 cumprimis

172 2407 392 2474 celebrandus
406 2405 634 2484 Domitianus,
646 2405 726 2470 nolu
738 2405 850 2470 Titum
862 2406 987 2472 idcirco
999 2407 1033 2470 in
1042 2413 1112 2471 arte
1123 2406 1259 2490 po'etica

171 2530 239 2574 non
264 2509 442 2592 plurimum
468 2507 682 2583 excelluisse,
703 2507 737 2570 in
759 2526 897 2590 querna
920 2507 1030 2572 Plinio
1050 2507 1169 2573 laudes
1190 2508 1259 2574 illae

172 2617 342 2692 congestae
356 2609 497 2672 suerint:
517 2604 665 2672 ‘Lutinae
680 2605 881 2689 Graecaeque
896 2607 1038 2689 lingue:
1051 2615 1127 2673 utar
1140 2609 1260 2674 Sueto·

171 2711 220 2775 nii
236 2710 344 2776 verbis
359 2711 397 2775 in'
408 2709 477 2773 Titi
493 2708 585 2785 Vita,
602 2709 678 2772 ‘vel
693 2709 728 2772 in
744 2708 882 2787 orando,
892 2709 947 2772 vel
957 2709 990 2773 in
1002 2708 1165 2790 lingendis
1177 2709 1261 2793 poti·
1290 2789 1298 2796 ι

173 2810 319 2876 mutibus
334 2817 509 2894 promtum,
525 2816 559 2872 et
570 2807 704 2872 facilem
718 2807 762 2872 ad
777 2809 1101 2892 extemporalitatem
1116 2829 1222 2892 nsque
1232 2809 1261 2888 ;'

173 2913 255 2989 sire,
275 2916 313 2976 ut
327 2912 376 2975 ait
394 2909 575 2994 Eutropius
595 2909 679 2973 libro
696 2907 919 2974 Romanarum
936 2903 1027 2973 Hist‘
1044 2925 1111 2972 vri.
1128 2908 1262 2974 ‘sacun-

173 3011 362 3088 dissimnm,
375 3011 434 3095 qni
456 3027 576 3074 causas
599 3009 716 3074 hcine
737 3010 849 3092 egerit,
869 3007 1111 3093 poemataqu03
1133 3029 1174 3074 ac
1198 3016 1262 3074 tra-

175 3113 305 3196 goedias
333 3109 454 3176 Graece
480 3107 729 3192 composuerit’
783 3107 990 3191 Ut'ingenue
1019 3115 1129 3174 antem
1152 3111 1263 3176 dicam

176 3213 265 3296 qnod
280 3213 396 3291 sentio,
408 3230 475 3276 non
489 3210 601 3293 potius
613 3209 766 3274 existimo
780 3215 907 3274 tuntum
922 3208 1059 3293 potitam
1075 3210 1181 3274 inisse
1195 3211 1265 3276 Do·

175 3312 356 3390 mitiannm,
382 3317 542 3396 qnantum
567 3309 621 3373 sni
650 3309 808 3392 temporis
834 3310 1014 3392 scriptores
1036 3309 1263 3394 praedicarunt,

175 3432 276 3495 quam
292 3415 335 3476 ab
350 3412 564 3477 adulantibus
578 3411 666 3475 iuter
676 3410 820 3474 illustres
830 3410 935 3474 fuisse
945 3411 1161 3485 nominatum,
1171 3410 1264 3494 qnod

177 3520 214 3578 ut
228 3513 362 3579 credam
384 3513 466 3576 tacit
485 3511 770 3593 locupletissimus
792 3510 888 3575 testis
904 3511 1096 3591 Suetonius,
1112 3513 1166 3578 cni
1178 3511 1261 3576 fides

178 3635 217 3678 eo
233 3615 386 3696 abrogari
401 3633 466 3677 non
481 3619 602 3697 potest,
626 3613 724 3696 qnasi
739 3613 830 3676 lecta
848 3612 980 3692 reseret,
994 3632 1069 3678 cum
1085 3613 1266 3696 imperante

176 3715 376 3781 Domitiano
386 3715 518 3790 vixerit,
528 3719 587 3778 ant
596 3713 641 3778 ob
655 3713 856 3778 adulationis
868 3714 1095 3798 suspicionem
1105 3731 1172 3778 non
1181 3731 1267 3797 prmb

180 3817 260 3880 stari
277 3834 345 3879 non
358 3815 468 3894 debet,
485 3833 563 3879 cnm
578 3833 623 3879 ex
636 3813 789 3881 humanis
803 3813 951 3900 Traiano
966 3815 1119 3899 principe
1133 3815 1266 3879 sublato

178 3917 362 4000 scripserit,
374 3917 540 4000 inquiens,
557 3921 647 3980 ‘tam
667 3914 860 3980 Domitiano
875 3914 1018 3998 poeticae
1032 3915 1178 3980 studium
1191 3919 1267 3979 ante

178 4017 287 4101 patris
308 4017 529 4101 principatum
544 4015 649 4082 luisse
661 4017 838 4094 insuetum,
858 4035 958 4099 quam
976 4024 1097 4100 postea
1111 4021 1267 4098 spretum,

178 4123 211 4182 et
235 4105 435 4200 abjectum*
452 4124 486 4182 et
510 4117 576 4182 ulio
602 4116 637 4180 in
660 4117 749 4195 loco,
780 4115 988 4199 ‘Nunquam
1024 4123 1083 4182 aut
1116 4115 1266 4184 historic
